2052 3562
365 182 445 218 DF.
488 177 891 215 TESTAMENT.
943 178 1200 215 CONIVG.
1240 181 1343 216 [ΑΒ.
1390 184 1455 218 111.

135 238 201 285 nori
214 246 420 297 potestetiam
430 246 496 284 fieri
505 237 813 297 'per‘statutumglqffl
825 245 856 278 in
869 245 934 280 rub.

133 306 171 336 c.
184 301 218 334 de
225 300 328 334 decret.
352 300 447 335 detur.
467 298 517 339 (ib.
544 311 597 335 io.
621 300 704 334 Deli.
715 298 748 332 in
757 304 821 340 cap.
834 296 886 329 vlt.
898 297 932 330 de

131 348 241 396 consue.
251 349 299 385 [ab.
311 353 344 384 6.
354 351 450 384 Nicol.
463 349 546 383 Bello.
559 346 663 394 consi
675 360 706 393 3.
718 357 799 381 num.
809 346 932 390 3.Kur-

129 398 195 434 sum
207 398 296 446 quod
310 411 392 434 vxor
402 398 529 434 testetur
539 398 580 433 de
590 397 682 434 rebus
690 398 749 432 suis
758 408 798 431 ex
809 393 928 430 voiun-

129 460 195 485 tate
205 449 328 497 propria
340 474 351 493 ,
362 448 404 484 est
413 448 453 485 de
468 448 633 484 substantia
642 445 853 495 dispositionis
859 469 870 488 ,
893 457 930 485 vt

127 510 213 547 patet
227 510 266 535 ex
291 497 482 536 definitione
502 499 690 542 testamenti,
703 500 733 533 in
747 496 798 534 tib.
817 507 842 530 ι,
848 493 884 541 ff.
894 497 929 530 de

125 546 238 596 sestam.
249 549 309 584 Sed
329 549 524 588 consuetudo
535 560 643 584 contra
658 547 856 584 substantiam
879 545 929 580 di-

125 597 301 649 spositionis
312 598 355 634 est
377 598 595 637 irrationabilis
605 622 617 642 ,
632 608 694 645 cap.
709 610 739 633 2.
752 598 790 636 ά
799 594 926 641 ibigloffl

126 653 161 685 de
170 651 292 697 consuet.
310 650 361 687 lib.
373 654 406 687 6.
419 663 495 698 ergo
506 654 538 685 &
550 650 710 686 statutum.
731 647 857 688 Quibus
868 649 925 681 ad-

126 700 168 736 de
179 700 268 747 quod
279 700 376 735 timor
398 702 502 736 mariti
526 697 616 736 facile
638 696 733 747 posset
752 697 927 733 subuertere

126 749 280 786 iudicium
294 749 343 784 seu
355 750 550 786 voluntatem
562 784 564 786 ,
574 751 681 795 vxoris
693 774 704 794 ,
717 756 748 784 vt
770 751 815 783 ait
825 746 926 793 Zaefiue

123 798 373 848 bamsententiam
380 800 511 849 sequutus
523 800 554 836 i'n
569 802 596 836 d.
606 796 788 846 Lstipulatio
798 797 853 833 boc
863 807 926 831 mo-

127 852 176 886 do.
192 860 272 885 num.
286 853 320 886 6.

179 898 257 934 Sane
280 912 352 935 cum
371 897 505 946 respicio
522 898 560 935 ad
574 908 757 946 argumenta
767 897 842 934 hinc
853 896 928 934 inde

127 946 285 998 proposita
294 974 305 994 ,
314 951 346 985 in
360 962 427 985 eam
437 950 527 997 opin.
541 949 735 991 adducor,vt
744 949 923 985 existimem

128 998 317 1037 statutum*
329 1012 395 1036 non
407 1000 505 1036 valete
515 1026 527 1044 ‚
549 997 572 1035 fi
586 997 685 1035 strici&
699 1023 710 1040 ,
733 996 858 1047 praecise
869 1024 880 1043 ,
892 1003 926 1034 &

84 1049 93 1060 ⁸
129 1048 169 1085 ad
179 1062 318 1099 vnguem
339 1049 496 1085 obseruari
520 1049 647 1086 deberet
659 1075 671 1095 ‚
693 1050 736 1086 ita
758 1048 871 1100 scilicet
891 1061 928 1085 vt

129 1098 269 1135 omnino
284 1113 349 1136 non
362 1098 460 1149 posfizt
473 1098 536 1137 fine
547 1099 680 1136 maritali
699 1099 847 1136 consensu
866 1111 928 1135 vx·

127 1163 167 1186 or
178 1150 281 1186 testari
292 1167 302 1186 .-
314 1149 392 1197 quid
404 1151 488 1187 enim
502 1164 568 1186 non
578 1151 710 1186 recusare
731 1153 850 1198 poterit
859 1161 928 1185 ma-

102 1203 110 1208 '
125 1201 205 1237 ritus
216 1202 229 1236 ζ
239 1201 299 1237 Sed
314 1198 335 1236 fi
347 1200 597 1236 moderationem
617 1200 787 1249 quamdam
807 1210 849 1236 'ex
862 1202 928 1235 iure

127 1255 160 1286 &
183 1253 331 1300 aequitate
350 1250 499 1287 admittas
517 1276 528 1296 ,
548 1252 637 1299 quod
657 1252 690 1286 in
712 1251 832 1288 statutis
854 1247 924 1286 fieri

125 1298 264 1345 adsolet,
277 1300 357 1337 nihil
369 1313 471 1337 vetare
483 1312 571 1349 puto
587 1326 598 1346 ,
611 1302 784 1350 quominus
804 1305 846 1338 ita
871 1299 928 1336 sta-

126 1362 233 1387 tuatur
246 1377 258 1396 ,
279 1351 352 1401 quia
377 1352 505 1388 maritus
519 1364 560 1386 eo
585 1352 686 1387 modo
700 1350 784 1398 quasi
805 1361 929 1388 curator

125 1402 185 1437 erit
203 1403 346 1449 coniugis
356 1426 368 1445 ‚
387 1414 426 1436 ne
446 1400 497 1436 illa
517 1398 599 1437 sorte
610 1400 739 1437 exclusis
750 1401 904 1450 proximis
918 1428 930 1446 ,

124 1448 247 1499 profusa
267 1462 361 1494 atque
383 1449 547 1486 indiscreta
572 1449 755 1487 liberalitate
775 1451 856 1488 bona
875 1450 927 1487 sua

123 1500 187 1537 alio
205 1513 258 1550 per
280 1501 497 1537 testamentum
516 1499 687 1537 transferat.
709 1502 846 1545 Quando
867 1501 925 1537 th-

125 1562 231 1588 tutum
242 1550 338 1588 aufert
350 1549 478 1588 liberam
489 1549 619 1587 testandi
631 1553 650 1573 *
672 1546 850 1589 facultatem
863 1550 923 1587 ho-

77 1609 86 1620 ·
118 1601 204 1637 mini
222 1601 291 1638 sane
311 1601 447 1644 mentis,
471 1599 601 1636 vereest
614 1601 762 1646 iniquum
776 1625 787 1644 ‚
810 1605 838 1638 d.
851 1605 873 1637 l.
889 1613 926 1635 ex

119 1650 210 1701 facio.
225 1654 285 1690 &1
310 1665 335 1689 ι.
351 1659 389 1688 C.
400 1650 584 1700 desscrofim.
597 1649 700 1696 Eccles.
715 1657 762 1689 Ar
773 1652 806 1688 in
817 1650 924 1688 nostro

123 1700 190 1738 casu
203 1702 353 1738 statutum
368 1715 431 1738 non
445 1702 559 1738 adimit
583 1699 709 1736 homini
733 1703 806 1745 [effi
831 1707 861 1737 &
875 1701 924 1736 in-

124 1753 203 1801 tegri
218 1750 313 1789 sensus.
324 1751 455 1788 liberam
475 1748 824 1788 testamentifaetionem
839 1776 850 1793 ,
872 1749 923 1787 sed

58 1840 60 1842 ,
123 1802 307 1851 qualitatem
321 1801 482 1846 mulieris,
497 1813 567 1849 quae
586 1811 713 1848 propter
725 1801 924 1840 imbecillita-

123 1863 189 1888 tem
211 1851 299 1888 sexus
326 1854 358 1886 &
383 1850 505 1898 confilij
519 1848 604 1887 facile
616 1851 772 1899 decipitur
782 1876 794 1895 ,
820 1849 920 1886 confi-

123 1901 210 1938 derat
224 1916 233 1936 :
247 1914 317 1949 quae
330 1901 460 1950 quidem
471 1899 669 1937 imbecillitas
679 1926 690 1944 ‚
714 1897 899 1939 vi'diximus
909 1924 921 1942 ‚

120 1951 196 1988 huic
207 1951 323 1989 statuto
337 1951 429 1988 dedit
437 1948 644 1994 occasionem,
654 1962 688 1986 vt
699 1950 845 1990 dubitare
856 1963 921 1986 non

121 2014 267 2050 oporteat
278 2026 289 2044 ,
313 2003 391 2049 quin
402 2000 577 2036 commodo
589 2006 619 2037 &
632 1999 737 2038 fauore
747 2002 859 2038 vxoris
872 2002 920 2036 in-

121 2051 304 2088 trodnetum
317 2051 364 2087 fit.
383 2058 465 2087 Bari.
478 2051 514 2089 dy
527 2052 607 2086 Βαλᾶ.
618 2053 650 2086 in
664 2053 686 2086 Ι.
699 2051 920 2098 τναηβιὲἶὶσηιιη

123 2110 158 2138 C.
170 2103 204 2138 de
214 2100 501 2148 trarisast.alexand.
523 2099 619 2146 confit.
639 2102 771 2137 106.11·b.
789 2113 818 2136 1.
830 2107 922 2134 Bene-

121 2154 187 2188 dici.
211 2158 321 2196 Capra.
342 2149 438 2195 confit.
461 2163 473 2184 ι
485 2161 513 2185 1.
527 2155 600 2184 Cum
608 2151 641 2184 de
652 2152 754 2185 duobus
765 2160 920 2197 queratur.

121 2211 232 2236 numer.
245 2214 278 2247 4.
293 2202 332 2238 (9·
343 2212 355 2245 5
366 2227 373 2235 .
387 2198 481 2245 versic.
492 2199 547 2233 Sed
565 2200 607 2233 his
622 2211 677 2234 non
688 2199 870 2246 obstantibus,
879 2203 918 2238 (γ

120 2254 171 2296 aly
180 2251 298 2295 plurimi
309 2250 422 2285 adaucti
435 2246 454 2283 ιὶ
467 2251 555 2293 Tiraq
577 2249 610 2282 de
617 2249 702 2296 legib.
714 2250 919 2295 connub.gl0ffi

121 2312 158 2345 4.
170 2300 208 2334 ad
220 2303 295 2336 verb.
310 2297 537 2344 Consentement.
561 2296 655 2345 quast.
668 2311 701 2343 4.
718 2297 798 2346 versi.
824 2297 919 2344 Restat

121 2351 211 2395 igitur
220 2350 251 2383 in
261 2348 523 2396 quamsententiam
535 2348 628 2382 dmm
646 2351 732 2392 plura
743 2373 752 2389 ,
773 2347 919 2394 magisque

121 2400 279 2444 illuminate
291 2396 343 2444 ins.
361 2406 424 2442 cap.
438 2409 470 2439 9.
495 2401 607 2445 Neque
622 2410 697 2433 vero
706 2398 845 2446 disponit
857 2398 918 2434 sta-

123 2447 334 2495 tutum‚quod
345 2446 456 2482 mulier
466 2460 530 2482 non
542 2446 634 2494 poffit
644 2447 743 2484 testari
753 2474 765 2493 ,
784 2446 834 2483 sed
849 2458 917 2483 tan-

123 2508 192 2532 tum
203 2497 332 2545 requirit
346 2497 495 2532 maiorem
517 2494 749 2533 solemnitatem
759 2524 770 2539 ‚
792 2496 868 2534 licut
879 2497 917 2534 fit

123 2546 158 2582 in
168 2547 284 2583 statuto
294 2545 497 2594 disponente,
519 2546 608 2593 quod
628 2547 661 2582 in
672 2547 857 2584 testamento
868 2549 919 2584 in-

124 2597 298 2632 terueniant
311 2595 418 2632 detem
430 2595 530 2637 testes,
540 2602 627 2632 Bart.
636 2599 666 2632 in
677 2599 815 2634 ἱππῆας
833 2607 920 2645 popu-

54 2687 60 2690 *
122 2648 202 2681 insin
214 2643 345 2693 3.quaest.
355 2646 476 2692 princip.
503 2652 538 2680 C.
555 2645 705 2693 desumma
717 2649 853 2683 Trinitat.
869 2654 919 2682 Ia-

119 2695 173 2743 son
183 2697 210 2731 d.
223 2698 276 2731 loc.
291 2694 386 2742 verfic.
408 2698 504 2730 Tertio
525 2706 648 2732 moneor.
671 2697 823 2734 Similiter
832 2710 872 2732 ex
885 2711 918 2733 a-

123 2746 209 2781 lieno
220 2749 241 2768 *
267 2744 398 2781 arbitrio
422 2743 473 2779 hic
499 2757 566 2780 non
586 2745 701 2794 pendet
723 2746 853 2783 testandi
872 2743 920 2782 fi-

77 2794 85 2802 '
122 2793 218 2831 cultas
229 2820 241 2838 ‚
252 2807 325 2831 cum
339 2799 371 2830 δι
385 2794 511 2830 maritus
520 2819 532 2836 ,
556 2793 611 2830 nifi
624 2794 741 2832 causam
754 2796 861 2833 habeat
874 2794 919 2832 le-

101 2870 103 2872 -
120 2845 214 2893 gibus
225 2844 460 2880 consentaneam
475 2868 486 2887 ‚
511 2846 624 2894 vtique
643 2844 815 2883 consentire
825 2859 918 2895 coga-

63 2938 65 2941 Α
121 2907 173 2931 tur
186 2920 195 2937 ,
206 2903 238 2929 vt
246 2905 315 2929 mox
327 2893 481 2929 docebimus
493 2918 505 2938 ,
519 2898 551 2929 &
576 2909 658 2931 vxor
667 2895 844 2932 consensum
853 2898 920 2932 eius

119 2945 253 2992 adstquu
259 2956 289 2980 ta
301 2956 358 2990 pro
368 2942 497 2979 arbitrio
508 2941 564 2980 suo
577 2944 739 2995 disponere
750 2946 918 2995 poffit.Sed

119 2999 153 3030 &
178 2993 268 3042 quod
290 2993 406 3029 dicitur
427 3006 493 3029 non
515 2993 596 3043 posle
618 2995 761 3032 vltimam
773 2995 920 3032 volunta-

116 3056 186 3080 tem
196 3043 372 3091 dependere
393 3055 434 3078 ex
445 3041 546 3080 alieno
558 3044 690 3093 arbitrio
700 3071 711 3091 ‚
733 3059 844 3085 verum
856 3046 898 3082 cst
910 3071 921 3088 ,

101 3129 103 3134 ,
119 3092 144 3130 si
165 3093 280 3141 spefies
299 3091 401 3130 solum
421 3090 539 3129 fanum
562 3095 725 3132 testatoris.
740 3095 800 3132 Sed
812 3108 865 3144 per
876 3099 920 3132 le-

121 3154 196 3191 gem
206 3142 256 3178 vel
269 3142 419 3180 statutum
437 3142 469 3177 id
482 3141 550 3179 fieri
564 3144 665 3193 potest
675 3170 687 3188 ,
699 3157 736 3182 vt
750 3158 872 3196 apparet
887 3147 919 3182 in

125 3192 300 3229 donatione
309 3192 393 3235 causa
407 3193 520 3230 mortis
531 3219 551 3235 ‚f
567 3204 638 3242 quae
659 3193 730 3231 licet
741 3194 787 3233 ‘fit
808 3195 920 3246 species

123 3239 244 3277 vltimae
258 3241 455 3288 ¹veluntatis,
477 3246 500 3280 Ι.
520 3246 612 3281 νὶτὶηι,
638 3245 827 3283 adeamne.
843 3247 920 3294 caus.

118 3299 208 3329 mort.
223 3291 326 3342 potest
338 3303 444 3337 tamen
454 3305 494 3331 en
503 3291 608 3330 alieno
618 3294 752 3332 arbitrio
769 3295 922 3343 sustineri,

985 246 1012 279 l.
1031 244 1209 294 filiusfamil.
1220 248 1257 285 (r
1266 249 1360 285 isam
1369 254 1403 286 is.
1410 248 1446 299 ff.
1462 250 1496 286 de
1505 250 1603 287 donat.
1615 250 1690 298 caus
1703 264 1777 295 mor.

983 297 1134 345 Denique
1142 311 1209 333 non
1232 302 1344 346 vrget‘f
1363 293 1454 351 quod
1463 312 1650 349 argumento
1657 301 1676 337 i
1689 304 1782 350 paeto
1788 292 1824 326 7‘

981 347 1021 380 ad
1052 346 1202 384 statutum
1221 347 1348 397 sumpto
1367 353 1555 400 opponitur.
1574 352 1638 388 Hic
1649 353 1780 388 enimin

981 395 1167 433 testamento
1175 397 1343 446 requiritur
1356 403 1455 437 maior
1467 399 1645 446 solemnitas
1659 407 1692 439 &
1703 415 1778 440 cau-

981 444 1041 501 tela
1053 471 1064 486 ,
1087 448 1160 494 quia
1175 448 1322 485 imminet
1333 453 1402 501 plus
1412 451 1539 500 periculi
1551 478 1563 498 ‚
1580 461 1642 498 cap.
1654 454 1701 488 vbi
1712 464 1779 489 ma·

980 507 1020 530 tus
1033 506 1066 530 ae
1075 499 1149 543 elect.
1162 499 1215 535 ub.
1225 502 1259 534 6.
1269 498 1351 547 Iason
1358 505 1390 541 d.
1403 513 1463 540 ver.
1475 505 1570 537 Tertio
1580 513 1707 539 moneor.
1815 501 1818 504 ’

1204 599 1389 658 'cAn
1451 624 1505 658 11.

977 735 1175 786 Maritus
1189 754 1247 787 an
1263 756 1448 809 cogatur
1463 744 1596 790 vxori
1613 739 1772 792 testan-

1018 798 1042 826 ⁸
1219 812 1254 856 ti
1269 810 1529 859 consentire.

1197 921 1564 971 strumenta.

983 1062 1012 1086 1.
1035 1047 1208 1097 consensum
1223 1058 1322 1096 petere
1353 1063 1393 1088 an
1404 1051 1524 1100 sufficiae
1538 1078 1547 1095 ‚
1566 1052 1623 1100 nist*
1643 1056 1777 1102 impetre-

1084 1108 1143 1135 tur.

979 1159 1012 1184 π..
1036 1147 1209 1196 consensum
1222 1146 1338 1195 statuto
1372 1148 1535 1197 requisitum
1556 1156 1641 1191 vxm
1663 1152 1778 1200 testanti

1086 1208 1204 1233 mantue
1215 1199 1346 1234 adhibere
1357 1203 1479 1246 cogitur.

979 1257 1008 1292 3.
1030 1246 1201 1293 consensum
1211 1260 1249 1282 an
1261 1248 1334 1296 iusta
1342 1249 1425 1295 causa
1437 1253 1559 1288 maritus
1572 1253 1656 1288 vxon'
1669 1249 1776 1300 εςβαη-

1079 1305 1104 1331 ιι
1118 1299 1234 1345 deneget
1243 1324 1254 1344 ,
1267 1300 1352 1335 iudex
1363 1300 1516 1347 cognoscit.

1079 1412 1112 1445 V
1125 1422 1138 1443 1
1152 1422 1177 1444 n
1201 1408 1224 1445 fi
1247 1411 1375 1447 maritus
1393 1411 1568 1449 consentire
1589 1411 1697 1452 nolit3
1713 1415 1777 1451 Vi,-

1074 1458 1184 1495 deatur
1202 1458 1322 1496 fortaffe
1331 1460 1425 1497 alicui
1441 1475 1507 1498 non
1530 1459 1585 1497 nifi
1602 1465 1774 1512 impetrato

973 1510 1039 1544 eius
1053 1508 1201 1545 consensu
1221 1523 1353 1546 vxorern
1376 1511 1476 1548 testari
1488 1510 1580 1560 posse.
1602 1516 1685 1549 Nam
1701 1514 1775 1551 vbi·

974 1571 1111 1607 cumque
1125 1561 1293 1609 requiritur
1314 1561 1443 1598 alicuius
1467 1566 1490 1591 ἃ
1503 1561 1687 1608 εοῃΓευΓυς,
1706 1578 1773 1601 non
1793 1593 1805 1617 1

973 1608 1086 1647 sufficit
1097 1610 1168 1644 eum
1182 1623 1286 1659 petere
1301 1636 1311 1651 .
1335 1609 1391 1647 nifi
1414 1614 1618 1661 impetretur,
1645 1615 1729 1661 gloff.
1743 1617 1776 1651 in
1811 1606 1820 1616 ⁰

972 1669 1035 1703 cap.
1051 1657 1138 1705 quim
1145 1659 1195 1706 fit.
1209 1662 1242 1695 de
1252 1662 1325 1696 elect.
1337 1662 1357 1696 1.
1384 1666 1416 1698 6.
1447 1674 1519 1698 cum
1540 1664 1623 1711 paria
1638 1663 1696 1700 lint
1709 1678 1777 1701 nou

968 1723 1038 1745 non
1052 1720 1153 1756 petere
1165 1734 1174 1750 ‚
1189 1714 1221 1744 &
1239 1721 1344 1755 petere
1356 1724 1410 1748 nec
1425 1713 1603 1759 impetrare.
1616 1716 1638 1748 Ι.
1652 1727 1683 1751 2.
1693 1720 1732 1750 C.
1742 1717 1776 1750 de

972 1771 1001 1793 m
1015 1762 1056 1793 im
1065 1760 1190 1796 vocanti.
1214 1761 1353 1796 clement.
1371 1776 1400 1799 1.
1423 1764 1457 1796 de
1476 1760 1585 1808 testam.
1599 1766 1775 1799 Geminiain

972 1818 1034 1854 cap.
1046 1807 1072 1854 fi
1085 1807 1241 1856 religiosus.
1255 1810 1315 1846 eod.
1330 1812 1378 1846 tit.
1399 1812 1494 1848 Adde
1504 1815 1593 1861 quod
1606 1811 1628 1848 fi
1639 1825 1773 1861 cogatur

971 1859 1100 1894 maritus
1112 1860 1284 1895 conlentire
1296 1886 1305 1902 ‚
1321 1860 1462 1898 ociosum
1475 1875 1568 1911 atque
1583 1863 1731 1901 inefficax
1740 1877 1774 1900 e·

968 1911 1010 1944 rit
1022 1907 1189 1953 statutum,
1210 1908 1299 1957 quod
1321 1909 1365 1945 est
1379 1910 1547 1948 absurdum
1560 1927 1571 1948 .·
1583 1926 1621 1951 ne
1633 1913 1683 1949 lex
1707 1926 1773 1950 non

969 1958 1061 1994 rebus
1071 1984 1082 2004 ‚
1106 1957 1154 1993 led
1167 1959 1270 1995 verbis
1287 1961 1516 1998 tantummodo
1527 1962 1671 2011 impolita
1682 1964 1776 2000 vide·

969 2021 1049 2048 atur,
1062 2017 1125 2054 cap.
1142 2009 1330 2055 commiffade
1341 2013 1471 2051 elefflon.
1484 2013 1535 2049 lib.
1548 2017 1583 2050 6.
1609 2013 1770 2051 Postremo

969 2057 1139 2094 consentire
1150 2060 1254 2107 gratiae
1267 2058 1331 2103 cst,
1353 2063 1393 2098 ad
1414 2074 1507 2110 quam
1532 2063 1770 2112 impartiendam

969 2121 1063 2143 nemo
1085 2109 1149 2143 iure
1162 2107 1381 2155 compellitur,
1396 2113 1479 2148 Dost.
1504 2114 1542 2148 ad
1552 2123 1616 2159 cap.
1626 2119 1768 2160 gratiam.

967 2159 1000 2193 de
1014 2156 1138 2203 rescript.
1155 2159 1204 2193 lib.
1223 2159 1257 2194 6.
1270 2168 1356 2204 prout
1368 2162 1423 2195 hac
1437 2163 1533 2197 omnia
1550 2168 1688 2208 peculiari
1702 2175 1768 2211 cap.

965 2209 1038 2253 quod
1048 2206 1085 2254 est
1100 2221 1152 2253 ²4·
1166 2209 1196 2240 in
1211 2209 1262 2243 1112.
1273 2210 1306 2242 de
1315 2213 1491 2250 amortizat.
1503 2212 1677 2249 bonoram:
1689 2217 1770 2250 been-

966 2260 1043 2292 nium
1054 2258 1072 2292 ὰ
1083 2269 1125 2292 me
1135 2257 1208 2291 edito
1218 2256 1382 2304 sufficienter
1394 2259 1521 2307 exposui,
1532 2262 1682 2312 multisque
1689 2276 1768 2300 com·

963 2306 1087 2353 probant
1107 2309 1237 2352 exemplis
1253 2309 1289 2346 (y
1299 2310 1472 2346 rationibus,

1026 2356 1088 2391 Sed
1111 2358 1298 2392 contrariam
1320 2359 1335 2396 Τ
1359 2370 1479 2407 partem
1510 2357 1655 2397 adserunt
1675 2364 1761 2399 Bm.

966 2403 1055 2443 ssald.
1070 2404 1186 2454 Angel.
1205 2411 1290 2443 Imo.
1305 2409 1409 2445 castr,
1420 2408 1578 2447 Alexand.
1591 2413 1657 2448 adl.
1661 2411 1690 2458 fi
1701 2423 1766 2448 cum
1787 2408 1819 2432 ²³

963 2457 1065 2491 dotem.
1086 2458 1117 2503 ξ.
1138 2466 1168 2489 eo
1177 2465 1272 2492 autem
1290 2466 1425 2504 tempore.
1429 2457 1467 2504 ff
1485 2456 1571 2505 βίαι.
1596 2472 1764 2496 matrimon.

966 2507 1112 2540 naum!
1133 2508 1239 2550 turpia.
1254 2507 1286 2541 de
1297 2508 1387 2554 legat.
1405 2523 1429 2544 ι.
1449 2508 1655 2556 t.fimaerer.§.
1670 2512 1765 2546 vttim.

959 2552 996 2599 ff.
1009 2557 1157 2590 deexecut.
1173 2564 1247 2591 tuto.
1264 2558 1294 2590 in
1304 2560 1324 2594 Ι.
1337 2553 1570 2602 transactionem.
1584 2560 1656 2594 c.de
1667 2559 1768 2607 trans-

964 2606 1019 2641 aCt.
1045 2606 1076 2638 in
1089 2607 1110 2640 Ι.
1130 2620 1153 2642 ι.
1169 2606 1240 2643 (51.
1254 2607 1285 2640 in
1304 2609 1503 2642 coniunctum.
1522 2615 1558 2643 c.
1582 2609 1615 2641 de
1635 2617 1714 2654 nupt.
1726 2611 1766 2649 ά·

965 2663 1028 2698 cap.
1048 2668 1072 2690 ι.
1084 2656 1186 2689 colum.
1202 2667 1230 2701 3.
1240 2655 1274 2690 de
1286 2655 1408 2703 consuet.
1420 2659 1487 2690 rect.
1494 2656 1576 2703 seud.
1592 2659 1638 2692 Vt
1649 2656 1764 2696 scilicet

965 2702 1059 2749 poffit
1082 2701 1193 2738 mulier
1210 2728 1222 2746 ‚
1241 2703 1338 2739 stante
1357 2704 1419 2739 hoc
1442 2704 1558 2741 statuto
1579 2705 1681 2742 testati
1702 2705 1765 2745 fine

966 2749 1112 2787 consensu
1124 2751 1249 2796 mariti,
1281 2751 1303 2787 si
1314 2755 1339 2787 is
1360 2752 1446 2789 nulla
1468 2753 1577 2791 idonea
1591 2754 1677 2792 causi
1689 2770 1763 2795 eum

965 2800 1109 2850 denegat.
1121 2804 1165 2837 Et
1175 2800 1267 2837 habet
1281 2801 1345 2839 haec
1356 2798 1499 2840 doctrina
1510 2802 1703 2842 manifestam
1714 2820 1761 2845 ra-

966 2851 1111 2886 tionem<
1126 2851 1199 2899 quia
1218 2863 1290 2887 cum
1304 2852 1343 2888 ad
1354 2852 1523 2890 vtilit'atem
1547 2856 1652 2891 vxoris
1663 2853 1701 2893 fit
1713 2859 1764 2894 in·

967 2900 1132 2936 troduekus
1156 2897 1319 2938 consensus
1340 2904 1442 2940 mariti
1456 2930 1466 2948 ‚
1487 2913 1518 2939 vt
1533 2905 1685 2952 dictumest
1696 2898 1763 2955 α’).

962 2950 1129 2997 precedent.
1150 2961 1260 2988 numer.
1271 2963 1304 2997 5.
1316 2965 1381 2989 non
1394 2951 1488 2990 debet
1507 2954 1594 3002 quod
1605 2952 1764 2994 salubriter

967 3013 1024 3048 pro
1042 3012 1076 3035 ea
1092 3000 1248 3039 ,statutum
1268 3001 1324 3045 est,
1340 3003 1372 3040 in
1389 3003 1456 3039 eius
1475 3003 1586 3041 odium
1601 3005 1652 3040 leu
1665 3005 1763 3043 detri-

968 3061 1110 3086 mentum
1122 3052 1318 3098 retorqueri,
1338 3055 1360 3089 l.
1371 3055 1444 3098 quod
1453 3050 1566 3100 fauore.
1580 3059 1618 3091 C.
1632 3054 1665 3089 de
1673 3058 1762 3104 legib.

966 3103 986 3135 1.
997 3103 1094 3145 plures
1103 3098 1216 3145 dpocbt't
1227 3100 1319 3147 infin.
1338 3109 1379 3138 c.
1388 3102 1478 3149 defid.
1486 3100 1616 3150 instrum.
1629 3100 1765 3156 Alioqui

968 3151 1001 3185 in
1014 3161 1107 3186 manu
1120 3150 1180 3185 erit
1204 3150 1318 3187 marito
1339 3148 1520 3189 facultatem
1537 3151 1668 3191 testandi
1681 3156 1716 3192 in
1725 3169 1765 3192 v-

967 3197 1122 3235 niuersum
1135 3200 1229 3236 vxori
1239 3201 1399 3249 praeripere
1412 3227 1422 3244 ,
1435 3206 1468 3238 δι
1481 3201 1582 3252 legem
1594 3202 1688 3253 ipsam
1700 3205 1763 3244 cit.

967 3249 1147 3285 cumuenire
1161 3274 1171 3291 ,
1196 3261 1267 3298 quae
1288 3250 1332 3286 est
1351 3253 1538 3291 maritorum
1548 3253 1763 3303 quorumdam

968 3299 1003 3335 in
1013 3310 1126 3336 vxores
1136 3298 1356 3337 inhumanius.

1670 3353 1777 3393 Huius
1798 3396 1802 3400 Α

1306 3348 1440 3398 Bbb3
