2052 3562
275 201 352 236 DE
403 183 889 237 TESTAMENrrs‘

65 273 97 309 d.
107 274 182 310 leco.
193 268 233 308 fic
246 272 330 308 enim
340 271 477 309 dicimus
487 278 519 310 &
533 276 566 310 in
581 273 653 311 teste
662 299 673 318 ‚
683 271 769 322 quod
781 271 803 308 si
814 271 863 309 so-

66 322 116 359 lus
127 335 180 371 per
191 320 221 358 se
237 321 306 359 esset
326 324 510 360 reietstaneus
521 329 555 360 δι
568 323 714 361 inhabilis
723 323 762 359 ad
773 323 858 360 testi-

67 372 226 420 ficandum
239 398 251 416 ‚
271 377 431 428 tamquam
452 373 603 423 suspe&t1s
614 399 625 415 ‚
644 386 749 410 tamen
769 372 791 408 fi
802 370 862 411 vna

68 436 143 460 cum
154 422 220 458 aliis
231 420 296 459 fide
307 423 413 471 dignis
423 426 612 470 producatur
621 449 631 464 ,
653 422 785 470 suspicio
805 424 862 459 ad-

69 472 172 510 uersus
181 486 255 508 eum
269 475 461 520 remittitur,
481 485 514 512 ve
531 484 582 521 per
606 475 721 510 Dothm
731 475 751 509 l.
763 475 864 509 admo-

69 524 167 561 nendi.
179 521 217 570 ff.
230 523 262 560 de
272 525 389 559 iureiur.
577 533 581 537 ·
597 527 600 530 “

118 579 188 613 Aut
208 572 348 621 intellige
371 571 393 609 si
408 586 488 609 vxor
499 573 612 608 cauerit
625 571 665 608 de
677 570 866 608 distribuen-

68 622 110 660 da
121 623 251 672 pecunia
263 646 274 663 ,
288 628 320 658 &
334 622 539 672 postmodum
550 621 647 658 fidem
657 620 747 658 faciat
759 623 866 670 legiti-

53 687 155 710 -mam
175 677 208 708 &
226 671 432 711 sufficientem
455 674 495 709 de
517 672 679 708 distributa
691 697 701 715 ‚
713 681 781 708 nota
793 672 861 708 adl.

69 720 150 761 nulli.
162 723 199 762 ό*
209 724 230 757 l.
244 725 274 758 id
284 725 358 767 quod
365 724 544 769 pauperibus.
556 730 591 759 C.
605 724 637 757 de
654 722 744 768 epifco
758 726 795 761 (9-
805 724 862 756 cle-

38 790 48 801 ·
71 775 125 810 n'c.
141 780 222 809 Bure.
237 784 267 806 m
284 776 306 809 l.
317 772 592 819 Diuus.infin.ffad
603 774 766 819 tegmem.
777 775 862 807 Alex.

68 822 446 871 d.confil.5*7.vers.omitto.
455 834 486 865 ς]
504 830 608 857 suares
624 821 705 868 verfi.
719 826 771 857 vlt.
784 818 862 857 Ces-

68 869 152 910 sante
164 873 250 910 enim
260 869 373 909 fraudis
386 871 555 920 suspicione
566 897 578 915 ‚
592 877 624 907 &
637 873 763 908 veritate
775 872 864 907 dete-

67 921 214 965 &assausst
227 923 261 957 in
273 924 345 957 tuto
357 922 410 957 est.
439 924 483 959 Et
503 922 587 965 hunc
608 926 641 959 in
664 921 798 959 modum
811 920 862 957 su-

68 985 120 1021 pra
132 974 184 1010 lib.
209 984 235 1008 1.
247 981 310 1017 cap.
322 985 374 1007 ιο.
389 971 539 1008 declaraui
552 974 792 1017 vxorem‚stante
801 971 861 1008 hoc

69 1023 187 1059 statuto
197 1050 209 1069 ‚
219 1021 269 1058 vel
278 1034 351 1058 cum
358 1020 438 1066 aliis,
452 1022 501 1058 vel
516 1021 580 1060 fide
590 1022 774 1061 huiusmodi
786 1036 863 1073 prae-

68 1072 363 1119 stita,executricem
378 1073 442 1126 dari
455 1071 550 1122 posse.

278 1198 280 1201 ,
335 1164 596 1201 CAP.1X.

73 1252 270 1302 Maritus
285 1250 315 1300 fi
336 1250 504 1303 statuto
533 1251 798 1321 prohibetur
814 1268 864 1300 v-

149 1311 249 1370 x'or'i
265 1320 419 1390 glegate
432 1363 444 1385 ‚
458 1341 515 1371 an
530 1320 656 1390 poffit
681 1320 863 1370 eirrelin-

148 1407 282 1458 quere
307 1389 520 1440 facultate
552 1391 776 1439 vendendi
801 1407 865 1438 res

145 1460 241 1508 suas
253 1477 334 1527 pro
350 1458 576 1513 solutione
605 1463 866 1507 communi-

149 1544 228 1592 um
242 1528 519 1579 debitorum.
766 1528 769 1530 ’

336 1646 357 1673 S
372 1643 436 1674 D'AAE
449 1643 480 1672 Λᾶ
495 1644 518 1671 A
531 1644 584 1672 R.1
598 1645 634 1674 A.

76 1741 109 1768 1.
128 1730 258 1768 Maritus
273 1754 284 1772 ,
303 1741 362 1764 non
385 1726 630 1776 obstantestatuto
643 1738 677 1761 ne
687 1728 768 1761 vxoii
779 1728 872 1771 leget,

147 1784 150 1787 ⁴
166 1776 259 1825 potest
270 1781 365 1825 legare
385 1774 584 1814 alienationem
597 1775 812 1823 rerumsuarum
819 1785 873 1820 pro

173 1828 366 1864 communibus
377 1827 488 1861 debitas.

88 1890 123 1914 2.
150 1879 293 1913 alienatio
304 1877 454 1923 neceffaria
459 1874 602 1920 prohiberi
611 1873 721 1919 nequit.

152 1972 336 2010 Acultatem
358 1974 517 2013 vendendi
528 1973 612 2010 bona
630 1970 681 2008 sua
701 1969 830 2006 maritus
840 1982 876 2004 v-

152 2026 222 2060 xori
246 2023 361 2073 legauit
387 2038 444 2073 pro
475 2023 630 2061 solutione
659 2020 878 2057 communium

79 2073 263 2111 debitorum
288 2098 298 2117 ,
327 2076 485 2111 constante
516 2072 721 2111 matrimonio
756 2081 878 2105 contra-

83 2126 221 2161 Ctorum.
234 2122 321 2160 [llud
331 2123 395 2161 fine
405 2126 509 2162 dubio
520 2125 584 2160 dici
598 2122 697 2171 potest
707 2146 718 2163 ‚
728 2120 878 2155 statutum

39 2208 52 2222 ‚
83 2176 105 2198 *
121 2187 160 2210 ne
172 2175 221 2211 vir
233 2175 326 2211 vxori
344 2174 438 2224 leget,
452 2174 559 2211 locum
572 2187 636 2209 non
652 2167 796 2213 habere,fi
807 2182 878 2204 mo-

84 2223 130 2260 do
143 2225 271 2261 maritus
281 2223 329 2260 seu
341 2224 434 2262 haeres
445 2226 510 2262 eius
521 2225 559 2260 ad
568 2222 741 2258 dimidium
750 2232 878 2256 eorum-

85 2275 160 2311 dem
179 2272 363 2310 debitorum
385 2277 548 2311 conueniri
585 2273 758 2322 potuerint.
793 2273 881 2304 Nam

85 2337 162 2361 cum
184 2323 267 2360 idem
291 2324 373 2368 istud
391 2324 563 2360 dimidium
573 2323 756 2359 auctoritate
767 2319 880 2356 iudicis

88 2371 290 2420 vendipoffet
304 2374 515 2410 creditoribus
529 2370 754 2421 postulantibus
769 2394 778 2408 ‚
798 2371 882 2404 iuxta

90 2426 116 2460 l.
128 2421 148 2458 ὰ
160 2425 234 2463 Diuo
246 2425 306 2460 Pio.
313 2423 348 2470 ff.
360 2425 391 2458 de
402 2435 431 2458 re
441 2425 524 2459 iudx.
539 2423 620 2460 nulla
628 2422 708 2458 ratio
716 2420 882 2468 est‚quam-

95 2471 206 2509 obrem
226 2486 266 2508 ex
289 2473 437 2510 mandato
462 2473 565 2509 mariti
575 2486 633 2522 pro
645 2470 758 2508 debitis
771 2469 834 2506 istis
845 2468 883 2504 ab

48 2531 49 2535 ’
95 2535 194 2560 vxore
204 2521 299 2558 vendi
311 2522 519 2571 prohibeatur,
536 2535 605 2571 quae
615 2535 654 2558 eo
664 2520 729 2557 casu
741 2532 805 2557 non
818 2531 884 2555 tarn

95 2571 141 2610 est
149 2568 292 2620 legataria
305 2572 344 2609 ad
354 2572 444 2608 suum
465 2572 675 2621 commodum
689 2596 699 2615 ,
719 2582 813 2619 quam
829 2581 886 2604 cx-

97 2624 219 2658 ecutrix
244 2621 416 2658 testamenti
435 2621 474 2657 ad
496 2621 664 2660 vtilitatem
675 2620 864 2657 creditorum
877 2644 890 2663 ,

99 2676 134 2708 &
144 2672 399 2708 exonerationem
409 2670 527 2708 domus
537 2672 713 2708 mortuariae
723 2682 815 2718 atquc
825 2668 889 2703 hae-

99 2721 202 2764 redis,
225 2720 301 2757 ficut
313 2722 346 2757 in
359 2719 450 2757 fimili
464 2723 612 2770 proximo
623 2733 687 2769 cap.
707 2733 784 2757 num.
805 2731 890 2757 1.re-

101 2770 249 2808 ferebam·
273 2775 318 2808 Et
329 2770 532 2808 confirmatur
542 2772 607 2808 haec
619 2769 766 2808 sententia
779 2782 817 2805 ex
829 2781 867 2803 eo
880 2793 892 2812 ,

101 2820 190 2871 quod
203 2832 301 2866 neque
312 2820 369 2858 sub
386 2819 684 2870 prohibitione·legis
693 2846 704 2863 ,
725 2831 824 2868 neque
837 2817 892 2853 sub

62 2888 70 2898 ·
104 2870 349 2920 iprohibitione
370 2870 508 2907 hominis
526 2871 567 2907 de
588 2871 773 2908 alienatione
793 2880 893 2905 rerum

103 2920 261 2970 loquentis
276 2920 422 2957 alienatio
435 2920 591 2963 necessaria
602 2923 893 2969 contineturffiuth.

105 2981 151 3006 res
159 2983 216 3016 qua
226 2978 262 3006 C.
278 2983 350 3006 com.
370 2971 403 3005 de
419 2972 495 3016 lega.
523 2973 561 3010 ὐ-
579 2970 717 3017 fideicom.
739 2973 759 3006 l.
775 2983 803 3006 2.
816 2978 850 3006 C.
864 2972 896 3006 de

101 3028 167 3065 pat.
185 3018 280 3066 quifil.
293 3019 389 3055 Vnde
401 3019 698 3068 testatorprohibere
708 3034 772 3057 non
786 3020 897 3068 potest,

107 3071 184 3113 quin
196 3069 279 3104 'oona
289 3068 522 3105 sua'vendantur
531 3095 542 3113 ,
553 3081 590 3106 vt
601 3070 804 3108 creditoribus
815 3069 898 3107 satis-

106 3116 263 3161 fiat‚-trxt.
280 3122 353 3166 eleg,
375 3122 436 3154 inl.
458 3119 607 3166 filiusfam·
621 3123 653 3167 ξ.
670 3123 752 3162 Diui.
768 3120 838 3170 vers.
847 3121 897 3169 sed

108 3168 163 3202 hoc
173 3177 261 3212 neque
271 3170 444 3204 creditorem.
457 3173 492 3208 ά·
504 3170 543 3204 ibi
552 3171 638 3216 {ason
653 3173 683 3204 in
699 3184 730 3207 2.
741 3173 803 3206 lest.
816 3183 894 3207 num.

119 3228 171 3261 ¹4·
181 3214 218 3260 ff.
225 3217 257 3249 de
265 3218 343 3261 legi«.
357 3229 385 3252 1.
397 3221 418 3253 Ι.
434 3221 630 3255 alienationes.
641 3218 678 3266 ff.
693 3223 793 3269 famil.
816 3225 895 3271 ercis.

105 3267 132 3300 1.
145 3271 273 3299 Senam.
284 3264 318 3313 ff.
333 3266 463 3314 delegat.
480 3279 508 3304 1.
527 3269 558 3302 in
570 3271 648 3306 verb.
668 3280 700 3305 vt
711 3283 770 3306 non
789 3276 899 3310 aliena-

108 3320 168 3359 θεοῖ,
177 3312 226 3362 sed
238 3322 268 3349 vt
276 3313 396 3361 fhlu‘eie't
405 3320 432 3352 Ι.
445 3319 498 3355 vlt.
514 3318 548 3364 ξ.
570 3317 637 3364 &fi
644 3320 804 3367 prefatam.
818 3330 853 3360 c.
866 3326 898 3359 de

905 204 1162 240 CONIVG.
1214 206 1321 243 LIB.
1370 209 1444 243 IV.

908 277 968 310 iure
980 277 1064 312 delib.
1078 280 1097 311 l.
1108 276 1386 326 pallosuccefforum.
1399 285 1435 315 C.
1450 280 1484 314 de
1490 281 1567 325 paci.
1581 281 1643 316 dixi
1652 283 1700 315 la·
1735 269 1755 280 Μ

908 323 938 359 τὲ
946 326 1008 374 sup.
1024 327 1076 369 lib.
1093 340 1118 373 3.
1132 337 1193 373 cap.
1212 326 1266 374 15(
1285 335 1394 377 ltaque
1406 342 1492 365 mens
1501 330 1700 368 statuentium

909 374 960 412 hic
970 376 1131 412 fuissenon
1141 376 1334 424 praesurnitur
1347 405 1357 423 ‚
1371 390 1405 415 vt
1415 381 1447 414 in
1459 380 1641 417 huiusmodi
1654 380 1702 416 le-

909 437 1018 472 gatum
1030 425 1226 463 alienationis
1239 427 1355 465 statuto
1377 429 1672 478 comprehenderent
1689 445 1699 466 :

913 477 986 525 quia
1006 477 1153 513 statutum
1174 476 1311 524 generale
1335 480 1418 527 capit
1431 477 1534 516 lumen
1544 484 1701 529 atquein-

910 529 1163 575 terpretationem
1174 527 1192 561 ὲ
1207 528 1270 564 iure
1283 531 1455 565 communi.
1476 533 1556 565 Dost.
1581 532 1647 568 adl.
1668 543 1701 569 2»

911 586 948 613 c.
961 579 993 612 de
1005 579 1105 610 noxal.
1118 580 1175 612 ael.
1194 583 1326 613 Panorm.
1338 579 1376 612 ad
1390 590 1453 624 cap.
1463 591 1524 613 cum
1535 581 1655 617 dilec‘lus.
1667 581 1700 623 de

910 625 1070 673 consuetud.
1099 629 1196 662 Nicol.
1221 630 1355 663 Euerard.
1372 629 1457 675 cons.—
1471 633 1519 673 38.
1539 642 1646 667 nrmer.
1664 633 1699 669 8,

909 678 969 712 Sed
983 674 1005 710 fi
1018 677 1060 711 ita
1070 672 1209 723 legatum
1224 676 1410 725 intelligitur
1423 703 1432 717 ,
1453 691 1487 714 vt
1496 691 1554 726 pro
1566 681 1700 717 solutio-

911 740 949 762 ne
959 726 1058 763 totius
1077 725 1179 762 debiti
1191 729 1370 763 communis
1384 726 1465 764 bona
1480 731 1582 766 mariti
1594 730 1702 767 distra-

910 776 980 812 here
990 776 1084 823 poffit
1095 788 1177 810 vxor
1195 800 1202 814 ,
1223 776 1298 812 dico
1307 776 1444 825 legatum
1455 792 1517 814 non
1530 778 1680 826 subsistere
1689 808 1700 827 ,

907 827 957 862 sed
970 839 1026 912 pilo
1045 840 1060 861 v
1067 826 1149 861 xoris
1162 826 1273 862 debito
1287 839 1394 864 contra
1404 827 1552 866 statutum
1565 844 1608 866 res
1620 830 1702 881 lega-

909 889 982 914 tase
1005 890 1031 912 e.

1169 975 1336 1011 CAP.
1386 977 1426 1011 X.

913 1075 1145 1125 Statutum
1158 1091 1216 1122 ne
1231 1079 1362 1124 vxori
1380 1074 1599 1146 relinquat
1609 1095 1702 1127 ma-

988 1146 1094 1192 ritus
1109 1182 1122 1205 ,
1138 1161 1194 1192 an
1211 1143 1362 1193 locum
1385 1144 1544 1195 habeat
1557 1186 1572 1209 ,
1592 1166 1701 1197 con-

989 1212 1280 1261 sentientibus
1325 1218 1473 1263 mariti
1522 1216 1704 1266 haeredi-

991 1280 1087 1329 bus.

1123 1406 1143 1432 S
1170 1404 1192 1433 1⁷
1214 1404 1245 1431 Ar
1268 1405 1300 1433 ΔΙ
1323 1406 1345 1433 A
1372 1406 1395 1435 4Κ
1418 1407 1433 1435 1
1454 1408 1489 1437 A.

919 1515 948 1538 1·
974 1496 1222 1544 consentientibus
1246 1498 1394 1533 heredibus
1406 1497 1492 1546 potest
1503 1504 1562 1545 quir
1573 1505 1656 1538 ‘oxori
1668 1506 1709 1538 le-

1013 1559 1083 1594 gare
1095 1573 1104 1592 ‚
1118 1543 1312 1592 etfistatutum
1319 1551 1493 1594 generaliter
1504 1555 1600 1596 tegata
1608 1555 1708 1599 piohi-

1010 1601 1087 1632 beat.
1541 1599 1546 1606 ”

919 1660 948 1682 2.
964 1653 982 1680 F
989 1648 1140 1680 enunciare
1146 1643 1258 1690 statuto
1281 1645 1419 1692 poffamus
1441 1651 1472 1684 in
1493 1648 1711 1699 nostrumfavo-

1011 1707 1070 1731 rem
1083 1696 1206 1729 indicito.

910 1774 1006 1872 ·LI
1020 1803 1041 1827 c
1058 1805 1076 1828 E
1091 1805 1114 1827 τ
1140 1791 1254 1828 statuto
1264 1790 1300 1829 fit
1310 1794 1508 1841 prohibitum
1531 1798 1550 1818 *
1569 1799 1712 1848 coniugi·
1763 1819 1765 1821 ·

993 1843 1050 1876 bus
1060 1842 1177 1891 aliquid
1192 1843 1326 1880 inuicem
1349 1845 1465 1883 donare
1488 1850 1568 1884 inter
1591 1852 1685 1886 viuos
1700 1876 1709 1893 ,
1752 1846 1763 1855 ’

917 1905 970 1928 aut
983 1893 1015 1928 in
1028 1891 1138 1928 vltima
1154 1892 1318 1930 voluntate
1334 1909 1342 1930 :
1368 1908 1472 1933 tamen
1497 1898 1580 1933 aliud
1604 1900 1646 1937 est
1658 1927 1668 1945 ,
1687 1897 1710 1935 fi

921 1955 1031 1978 omnes
1044 1942 1131 1978 liberi
1144 1969 1153 1987 ,
1169 1942 1218 1979 vel
1230 1946 1441 1991 proximiores
1451 1948 1603 1985 successuri
1615 1951 1654 1987 ab
1664 1952 1716 1986 in-

922 1993 1184 2040 testat0,quorum
1202 1991 1308 2030 fauore
1320 1995 1467 2033 statutum
1480 1998 1521 2033 est
1531 1999 1711 2041 inductum.

924 2040 1061 2088 expresse
1076 2042 1279 2085 consentiant,
1290 2048 1310 2081 Ι.
1328 2049 1381 2081 vlt.
1392 2047 1426 2085 ¹&
1439 2050 1478 2082 ibt
1492 2055 1575 2085 Bart.
1586 2052 1666 2088 Bald.
1677 2052 1714 2089 ό·

925 2095 974 2136 alij
989 2105 1084 2126 omncs
1099 2117 1108 2133 ,
1131 2101 1170 2127 C.
1186 2095 1217 2128 de
1226 2103 1290 2139 pac.
1312 2098 1390 2131 imol.
1407 2100 1546 2134 Alexand.
1563 2103 1599 2138 ά
1611 2107 1714 2136 Roma.

925 2143 962 2177 ad
974 2144 993 2176 l.
1003 2139 1152 2187 stipulatio
1166 2144 1217 2177 hoc
1229 2146 1320 2180 modo.
1327 2144 1362 2190 ff.
1375 2148 1407 2179 de
1418 2148 1494 2183 verb.
1510 2149 1595 2195 oblig.
1606 2151 1712 2185 albert.

927 2198 1014 2226 Brun.
1030 2194 1061 2226 in
1074 2194 1160 2227 traci.
1168 2190 1257 2238 statu.
1273 2195 1372 2240 exodus
1386 2193 1458 2239 fem.
1470 2196 1490 2231 :a
1499 2197 1600 2245 succes
1607 2210 1665 2235 art.
1680 2204 1714 2235 6.

925 2239 1019 2287 quaest.
1039 2245 1124 2287 13&
1139 2242 1191 2275 hos
1201 2244 1295 2277 citans
1309 2247 1546 2283 Nicol.Boer.con
1564 2254 1717 2294 046.num.

927 2295 960 2326 6.
976 2292 1042 2334 Qui
1052 2291 1135 2326 enim
1149 2293 1190 2325 ita
1204 2292 1403 2328 consentiunt
1417 2320 1427 2336 ‚
1451 2296 1511 2331 iuri
1548 2311 1590 2333 uo
1601 2311 1718 2335 renun-

926 2341 1034 2382 ciant,
1057 2345 1087 2375 &
1113 2340 1184 2375 idco
1208 2343 1424 2379 contraucnire
1442 2359 1507 2382 non
1530 2345 1677 2402 possunt²
1694 2352 1714 2383 Ι.

925 2387 984 2436 post
995 2389 1164 2435 mortem.ff
1177 2393 1209 2425 de
1218 2393 1314 2437 adopt.
1337 2395 1420 2428 Nam
1443 2398 1583 2443 generale
1595 2398 1638 2434 est
1651 2425 1662 2443 ,
1680 2409 1716 2432 vt

931 2440 1044 2487 cuique
1069 2440 1157 2475 liceat
1176 2444 1380 2478 renunciare*
1396 2443 1511 2482 statuto
1528 2448 1559 2483 in
1572 2446 1660 2483 suum
1671 2445 1732 2482 far

930 2502 1036 2524 uorem
1051 2490 1180 2536 prodito
1191 2518 1199 2532 ,
1213 2495 1232 2526 l.
1238 2490 1266 2536 fi
1270 2490 1366 2537 finita.
1385 2495 1422 2533 ό·
1434 2495 1471 2529 ibi
1485 2503 1564 2532 Bait.
1581 2500 1617 2536 ά
1631 2498 1713 2533 Bald.
1736 2492 1768 2517 ²·

925 2538 959 2585 ff.
977 2541 1114 2576 dedamn.
1127 2540 1211 2587 infec.
1225 2544 1280 2578 l-z.
1294 2541 1440 2588 C.fiqm'd
1456 2546 1568 2591 infrau.
1581 2556 1677 2591 patro,
1693 2548 1715 2581 l.

928 2591 1115 2633 penule.c.de
1122 2588 1260 2636 pac'ldate
1273 2593 1366 2626 Adher.
1380 2596 1431 2627 inl
1444 2593 1473 2639 fi
1481 2599 1540 2639 quis
1554 2598 1584 2629 in
1596 2594 1721 2642 conscri-

932 2639 1018 2673 bendo
1028 2639 1130 2674 colum.
1147 2653 1175 2673 2.
1187 2639 1279 2685 versic.
1294 2641 1430 2675 Dubitari
1439 2646 1526 2677 etiam
1534 2651 1718 2680 conamine.

933 2690 965 2720 de
977 2686 1093 2732 episcop.
1107 2690 1142 2725 67
1159 2690 1227 2724 cler.
1243 2692 1278 2726 όν
1291 2690 1319 2722 in
1337 2704 1363 2726 ι.
1377 2698 1457 2734 part.
1470 2692 1556 2737 statu.
1568 2691 1658 2738 quaesl.
1669 2694 1716 2729 18.

934 2742 1007 2769 Item
1019 2746 1110 2779 quaro
1132 2747 1170 2770 an
1193 2735 1321 2781 beneficio
1343 2736 1525 2783 statutorum.
1557 2741 1721 2790 praesertim

935 2797 1006 2819 cum
1021 2785 1062 2819 ita
1073 2784 1192 2820 reditur
1215 2784 1255 2819 ad
1275 2788 1323 2821 ius
1342 2800 1511 2826 commune
1529 2816 1539 2832 ,
1561 2804 1596 2827 vt
1616 2792 1648 2828 in
1663 2805 1724 2828 no-

937 2834 992 2868 stra
1002 2833 1175 2879 hypothesi.
1190 2838 1302 2873 ssartol.
1324 2837 1386 2873 inl.
1400 2850 1494 2874 omnes
1503 2847 1720 2888 populi.colum.

937 2896 953 2917 2
961 2911 969 2919 .
984 2881 1078 2928 verficss
1091 2890 1177 2918 quta
1184 2886 1314 2928 pradio‘ta
1325 2897 1425 2930 quaro.
1432 2888 1504 2935 ff-d‘
1517 2892 1603 2939 iustu.
1617 2896 1653 2932 ὠ-
1664 2896 1724 2930 iure

940 2936 1037 2977 Titaq.
1064 2933 1095 2967 de
1108 2935 1169 2968 iure
1189 2937 1348 2981 primogen.
1369 2950 1417 2982 qu.
1439 2952 1490 2986 24.
1506 2953 1585 2978 num.
1599 2955 1630 2989 4.
1646 2946 1723 2990 ἀς.

939 2982 1217 3024 Quemadmodum
1251 2984 1395 3022 videmus
1412 2989 1500 3036 quod
1526 3004 1610 3030 extra
1634 2992 1727 3029 fami-

940 3030 1012 3066 liam
1023 3031 1150 3068 alienare
1164 3033 1340 3080 prohibitus
1352 3059 1362 3077 ‚
1381 3040 1481 3084 potest
1503 3054 1576 3077 cum
1596 3043 1728 3081 consen·

939 3080 972 3116 su
983 3093 1091 3116 eorum
1107 3107 1117 3125 ,
1137 3084 1190 3126 qui
1206 3081 1324 3120 suntde
1334 3083 1446 3124 familia
1459 3114 1469 3129 ‚
1491 3090 1628 3130 alienare.
1653 3104 1727 3132 Bar-

941 3133 991 3165 rol.
1008 3132 1044 3169 (9·
1059 3134 1107 3175 aiij
1119 3135 1156 3168 ad
1165 3136 1245 3176 aqui
1261 3140 1347 3168 Romae
1368 3137 1400 3179 ᾧ.
1417 3140 1547 3177 cohered.
1558 3141 1593 3187 ff.
1605 3145 1664 3181 dev
1696 3147 1723 3181 b,

942 3180 1069 3238 oblite-:ad
1076 3183 1162 3226 l.peto
1175 3184 1343 3229 Luc-witi&
1355 3183 1491 3234 franeff
1498 3190 1532 3226 de
1541 3159 1729 3241 leganJfi-

938 3228 1146 3275 limfa.§.l)1ui
1157 3232 1191 3265 de
1201 3234 1288 3277 legat.
1298 3237 1365 3271 n&
1375 3238 1414 3270 ad
1422 3241 1641 3283 1,quoties.c.de
1648 3244 1733 3290 fidei-

940 3279 1155 3315 commissum
1167 3281 1350 3316 cumben&
1359 3289 1595 3338 annotat,conf.i
1606 3295 1648 3337 98
1665 3287 1691 3327 ἱι.
1703 3306 1729 3333 ³-

942 3328 980 3361 ib.
990 3340 998 3361 i
1009 3327 1170 3366 ,statutum
1185 3344 1222 3368 nc
1242 3330 1353 3366 mulier
1364 3332 1476 3374 habens
1487 3337 1597 3377 liberos
1611 3368 1619 3382 ‚
1633 3342 1723 3388 possit

1274 3383 1302 3417 E
1316 3394 1332 3418 c
1342 3395 1359 3418 e
1383 3397 1398 3419 2

1263 3453 1273 3465 Ο

1600 3390 1727 3427 alienare

1636 215 1700 257 603
1763 213 1765 215 ’
