2052 3562
298 262 436 310 legitima
448 256 600 303 debetur,
613 256 664 294 lib.
683 271 712 295 1.
720 253 756 303 ff
764 256 797 290 de
806 256 897 291 collat.
920 252 1021 291 bonor.
1039 266 1086 291 ta-

300 324 373 348 men
396 311 418 346 si
440 315 471 345 δε
509 307 740 356 patrimonialia
761 309 794 341 &
827 304 977 352 adquifita
1001 305 1085 340 bona

300 358 443 410 profliget
460 384 471 402 ,
493 355 726 405 verendumque
749 354 835 391 fitne
857 355 890 391 in
918 355 1029 390 odium
1049 359 1083 390 &

298 411 461 459 perniciem
476 408 591 457 propi-ij
611 405 763 454 sanguinis
776 407 919 450 testetur,
930 403 1083 453 quamdiu

299 461 389 495 bonis
406 462 519 495 iuxtal.
534 472 555 493 u
567 460 614 502 qui
633 457 719 493 bonis.
731 454 763 501 ff.
780 456 812 488 de
826 457 903 490 vab.
926 456 1012 500 oblig.
1026 466 1083 502 pu-

298 509 375 544 blice
391 512 419 545 ei
435 509 636 544 interdictum
649 518 712 541 non
723 505 765 540 est
780 530 791 548 ,
802 506 945 540 officium
968 504 1082 541 iudicis

296 560 460 606 implorare
485 557 670 606 poffunt‚vt
681 554 720 590 de
731 554 815 590 iustis
836 559 867 589 ὃ(
891 555 1083 590 conuenien-

230 623 234 627 ·
296 608 381 645 tibiis
402 609 558 645 alimentis
581 605 760 654 tempestiue
783 602 837 639 sibi
867 603 1081 650 prouideatur.

296 661 447 696 poemati
469 662 490 694 l.
506 658 568 694 clam
579 665 685 703 oponet
704 658 734 702 ξ.
748 666 811 689 cum
823 663 928 690 autem.
944 655 1023 689 Bald.
1045 656 1084 688 ad

294 708 424 754 l.z.C.fi
438 710 543 754 quidin
552 706 653 755 fraud.
665 714 779 747 patron.
792 700 929 749 Cxflrenss
946 703 981 736 tbi
997 704 1082 740 &ad

295 756 670 803 d.l.1mperator,1asonad
682 754 819 800 Linsuu.
830 751 864 796 ff.
888 754 1020 787 delibem
1043 754 1080 791 &-

294 806 431 854 postium.
446 808 608 852 cagnet.ad
618 804 770 850 l.fin.C.de
779 814 817 849 pa
824 801 895 836 thid
911 802 999 849 quod
1009 800 1083 837 lon-

297 857 334 905 ge
349 855 478 893 seturius
497 855 540 891 est
552 880 563 897 ,
581 866 672 902 quam
693 852 782 887 rebus
803 851 951 887 omnibus
962 850 1080 900 pessun-

297 907 378 943 datis
403 913 434 943 &
458 904 641 954 produffls‚
658 913 789 937 mortuo
814 912 898 949 patre
923 900 1079 948 querelam

293 955 461 993 inofficiosi
473 948 875 1000 testamentiprpponere‚fi
897 952 1015 986 reetum
1038 951 1080 987 est

295 1005 457 1042 consilium
468 1007 606 1052 Impp-in
617 1002 702 1048 Lfin.
720 1008 755 1035 C.
769 1002 798 1035 in
810 999 884 1044 quib.
900 999 973 1047 cans.
992 1003 1021 1035 in
1034 1004 1082 1035 in-

295 1065 356 1102 teg.
374 1055 463 1103 restit.
487 1054 597 1091 melius
607 1052 661 1087 effe
681 1051 713 1086 in
735 1061 874 1098 tempore
898 1062 1057 1086 occurrere
1070 1074 1081 1093 ‚

294 1118 387 1153 quam
417 1105 484 1154 post
516 1102 634 1142 causam
680 1099 872 1136 vulneratam
905 1100 1081 1138 remedium

291 1167 441 1204 quaerere.

335 1207 466 1242 Tertius
476 1200 560 1237 casus
577 1197 658 1242 est,s1
671 1200 798 1234 maritus
825 1209 897 1233 cum
924 1208 1008 1244 patre
1030 1199 1081 1233 vi-

292 1267 357 1296 uo,
377 1267 430 1292 aut
454 1265 525 1288 curn
546 1249 689 1286 fratribus
711 1246 909 1283 &sororibus
935 1247 968 1281 in
989 1259 1081 1282 com-

293 1309 444 1343 munione
457 1309 486 1339 &
502 1303 646 1338 societate
671 1299 856 1334 bonorum*
871 1309 1003 1339 maneat,
1022 1296 1080 1332 sta-

240 1362 247 1370 ·
294 1355 426 1405 tutoque
447 1364 591 1390 caueatur
601 1375 612 1393 ‚
624 1352 757 1386 durante
769 1362 804 1384 ea
826 1346 968 1384 societate
979 1349 1019 1383 de
1033 1359 1080 1382 re-

294 1405 351 1441 bus
377 1406 434 1441 suis
461 1404 616 1439 neminem
631 1401 730 1436 testari
743 1396 823 1445 posse
834 1412 843 1432 :
855 1397 895 1433 de
907 1410 974 1445 quo
985 1396 1081 1434 statu-

296 1456 498 1502 toaeonfihzy.
517 1453 605 1496 incip.
622 1449 692 1495 Vtfis
711 1450 789 1484 actia.
803 1448 880 1483 hanc
901 1447 994 1494 ipsam
1007 1443 1080 1482 faeti

294 1503 423 1552 speciem
435 1503 585 1552 proponit
598 1512 690 1547 atque
699 1497 820 1534 decidit
832 1501 957 1533 Euerar.
981 1501 1081 1546 Prop-

294 1566 375 1591 terea
385 1555 491 1590 cautio
515 1551 591 1601 patri
606 1549 715 1590 datur,
738 1545 806 1585 vtfi
835 1547 1003 1595 nepotibus
1022 1546 1081 1583 suis

293 1604 435 1641 aduersus
456 1600 672 1648 improuidum
699 1595 757 1643 filij
779 1596 943 1632 confilium
970 1609 1025 1634 aut
1043 1611 1080 1633 0-

293 1654 384 1689 dium
405 1650 560 1688 consulere
583 1650 687 1696 cupiat
708 1671 719 1690 ,
750 1648 1009 1683 communionem
1032 1647 1081 1682 so-

288 1701 497 1751 cietatemque
524 1698 610 1736 illam
632 1696 813 1733 testamento
835 1696 893 1733 suo
921 1698 959 1731 ad
982 1708 1082 1731 annos

289 1753 409 1801 aliquot
420 1778 432 1798 ,
443 1754 475 1787 in
485 1763 525 1786 eo
535 1749 608 1784 loco
627 1748 679 1783 vbi
691 1746 839 1783 statutum
854 1745 912 1782 tale
923 1745 965 1781 est
978 1771 987 1786 ‚
1008 1758 1082 1793 pro-

290 1815 381 1851 roget
399 1829 410 1848 ,
431 1808 462 1838 &
489 1799 666 1836 continuari
693 1795 821 1832 mandet
842 1808 852 1830 t
873 1793 912 1830 fic
937 1796 1021 1832 enim
1035 1821 1044 1836 ,
1057 1793 1078 1830 fi

289 1852 370 1889 forte
391 1851 509 1889 interea
531 1849 614 1885 filius
633 1848 784 1883 moriatur
805 1870 817 1887 ,
845 1844 934 1881 liberi
954 1845 1019 1880 eius
1041 1844 1081 1881 de

289 1903 385 1940 bonis
397 1898 551 1950 acquisitis
560 1899 657 1948 quam
678 1897 770 1932 securi
793 1896 983 1932 erunt.Scio
1003 1907 1080 1944 prae⁴

289 1965 415 2000 cepmm
427 1954 522 2001 patris
534 1963 601 1985 non
613 1948 713 1984 valere
727 1973 737 1989 ,
758 1958 793 1982 vt
807 1943 896 1981 liberi
917 1946 951 1980 in
975 1958 1082 1993 perpe-

290 2016 343 2039 tua
354 2002 581 2038 communione
602 1996 778 2035 consistant.
803 1999 883 2031 Dost.
895 1997 935 2030 ad
943 1997 966 2030 l.
979 1999 1009 2031 in
1027 1996 1080 2031 hoc

288 2053 389 2089 iudicio
395 2051 430 2098 ff.
447 2062 564 2088 commu.
586 2049 677 2089 diuiti·
692 2051 730 2088 <r
744 2047 825 2081 Alex.
842 2044 933 2092 confil-
942 2046 1028 2090 3.lib.
1048 2057 1076 2090 3.

288 2116 396 2140 cauere
418 2114 521 2139 tamen
547 2113 611 2135 non
636 2098 843 2147 prohibetur,
861 2109 898 2130 ne
911 2098 989 2130 intra
1012 2107 1075 2131 cer-

290 2165 360 2190 tum
382 2164 504 2198 tempus
526 2148 672 2184 diuidant
689 2173 701 2192 ,
719 2147 769 2183 seu
790 2144 808 2180 ὲ
830 2144 973 2181 societate
996 2157 1080 2180 rece-

290 2203 482 2238 <lampecius
494 2198 649 2245 confil.z65
660 2225 668 2233 .
689 2203 790 2232 toann.
805 2197 906 2230 Duell.
919 2197 951 2230 de
961 2203 1026 2228 arte
1035 2203 1080 2227 te-

286 2251 450 2298 stan.t1't.de
464 2260 525 2286 arte
534 2248 646 2297 testam.
658 2250 708 2282 tit.
721 2248 754 2282 de
763 2256 829 2281 var.
841 2243 949 2291 ustam.
960 2252 1077 2290 μειερ.

293 2303 390 2346 cap.8,

341 2353 479 2391 Quartus
491 2346 573 2384 casus
584 2346 639 2383 vsu
661 2345 797 2381 eueniret
811 2344 843 2379 in
867 2357 901 2379 ea
927 2343 1054 2392 regione
1069 2367 1079 2385 ,

291 2410 361 2446 quae
387 2401 453 2435 iure
473 2409 595 2434 tantum
622 2395 737 2444 scripto
761 2394 880 2442 regitur
894 2419 905 2438 ,
921 2398 952 2429 δι
978 2392 1033 2429 vbi
1056 2394 1076 2413 *

242 2480 250 2490 .
291 2448 522 2485 maritusetiam
534 2445 602 2494 post
626 2445 866 2481 matrimonium
890 2445 923 2479 in
944 2442 1080 2491 potesta-

292 2511 322 2535 te
334 2503 365 2535 &
381 2496 466 2534 sacris
479 2497 608 2542 paternis
632 2505 748 2530 manet.
761 2496 846 2528 Nam
869 2505 942 2528 curn
954 2506 993 2529 eo
1013 2492 1080 2528 iure

293 2549 455 2585 communi
469 2544 652 2584 filiusfamil.
673 2543 773 2580 testari
786 2556 849 2578 non
876 2542 1028 2589 poffit,§.
1046 2553 1075 2578 1.

296 2596 391 2645 Instit,
405 2599 481 2644 quib.
495 2609 551 2632 non
560 2595 605 2644 est·
619 2593 735 2641 permiff
748 2592 808 2641 fac.
827 2589 972 2638 testamen.
985 2598 1016 2629 δι
1030 2603 1081 2627 te-

288 2649 476 2685 stamentum
486 2647 525 2683 ab
534 2660 574 2683 eo
583 2645 698 2682 fac-’tum
709 2645 803 2679 etiam
824 2642 951 2689 sequuta
972 2655 1080 2677 eman-

291 2698 449 2746 cipatione
460 2711 525 2735 non
547 2691 738 2733 conualescat
751 2718 760 2736 ,
770 2695 791 2729 l.
806 2704 832 2728 1.
848 2690 1031 2740 §.stfiliusffl
1047 2691 1081 2725 dc

293 2750 383 2795 leg.3.
399 2747 521 2786 Balaka
531 2745 660 2794 [seruus.
671 2749 709 2780 C.
724 2744 855 2789 detegat.
871 2741 996 2778 videtur
1017 2741 1082 2777 vti·

292 2810 354 2842 que
368 2803 400 2833 &
413 2800 540 2835 maritus
551 2793 711 2833 filiusfam·
725 2793 765 2828 de
787 2793 835 2828 his
853 2791 947 2828 bonis
973 2791 1080 2840 acqui-

294 2846 357 2884 fitis
370 2846 569 2884 testationem
582 2859 647 2883 non
667 2840 870 2889 habere,fiue
890 2840 973 2884 dicas
996 2840 1080 2877 bona

293 2895 469 2947 profeffltia
479 2894 534 2932 esse
543 2908 609 2944 quo
618 2894 658 2930 ad
683 2893 903 2940 proprietatem
918 2917 928 2934 ,
940 2889 1004 2927 fiue
1025 2891 1077 2927 ad-

293 2950 426 2985 uentitia
437 2945 504 2996 quo
523 2946 561 2981 ad
587 2940 780 2981 vfumfruetfi
793 2943 871 2989 patri
898 2944 930 2978 in
943 2940 1005 2976 illis
1023 2940 1081 2976 de-

292 2997 396 3034 biturn
407 3023 419 3040 ‚
429 3000 458 3034 d.
470 3000 491 3033 l.
504 3007 567 3031 cum
580 3002 700 3042 oportet.
710 2996 742 3027 &
762 2991 892 3040 quidem
913 2989 1079 3040 praesertim

291 3046 415 3085 sionera
427 3045 620 3093 matrimouij
632 3054 718 3093 pater
742 3040 882 3079 sustineat
895 3068 906 3086 ‚
931 3053 1082 3078 vxorem-

293 3095 353 3145 que
372 3101 404 3132 &
419 3096 523 3133 filium
546 3093 631 3132 alat:
653 3093 742 3132 cuius
760 3094 802 3127 rei
823 3092 944 3139 elegans
966 3103 1080 3127 exem-

293 3146 380 3193 plum
393 3145 626 3192 confil.i93.lib.
641 3142 711 3180 κάη
724 3140 825 3178 literas
848 3141 955 3178 retulit
977 3138 1079 3177 lason.

293 3195 355 3231 Sed
367 3197 519 3242 quoniam
538 3207 593 3243 per
608 3195 660 3231 has
685 3191 801 3229 nostras
823 3192 965 3239 regiones
989 3190 1086 3226 mari-

290 3244 378 3281 tus&
403 3245 608 3281 matrimonio
627 3242 747 3289 semper
765 3240 804 3277 fit
827 3239 872 3277 sui
894 3241 969 3278 iuris
988 3251 1083 3276 :tum

298 3296 393 3331 etiarn
410 3294 482 3341 quia
499 3293 597 3329 dubia
625 3289 828 3341 perplexaque
858 3291 901 3328 est
921 3289 1053 3340 quaestio
1075 3312 1087 3330 ‚

795 186 1026 226 PETRVS
1079 188 1339 225 PECKIVS
1374 189 1403 221 Ι.
1429 189 1476 223 C.

1132 265 1240 292 vtrum
1252 254 1287 289 ad
1299 249 1530 298 profeffitia‚an
1541 251 1615 288 vero
1627 250 1663 288 ad
1676 252 1846 291 aduentitia
1863 254 1924 291 bo·

1133 320 1170 342 na
1181 305 1226 341 res
1239 299 1391 352 acquifitae
1402 296 1645 348 referantur‚non
1656 313 1751 351 pergo
1764 304 1815 340 ista
1826 305 1922 354 perse-

1131 356 1198 403 qui,
1206 368 1273 402 quae
1285 352 1473 389 sufficienter
1481 353 1568 399 hb.de
1577 356 1654 388 lucro
1663 352 1734 387 dotia
1745 354 1784 388 ad
1793 357 1917 397 verbum,

1132 407 1178 440 vir
1193 409 1322 441 lucram
1332 400 1472 448 glofflsso.
1484 403 1601 438 enodat
1614 402 1749 438 Phanuc.

1321 491 1575 527 CAPVT
1625 492 1718 528 XIII.

1131 582 1177 632 Si
1203 589 1370 634 coniux
1396 580 1574 631 testetur
1612 581 1666 628 de
1701 580 1830 633 bonis
1863 596 1917 630 cx

1203 670 1328 720 parte
1355 650 1429 700 sua
1453 651 1817 718 prouenientibus
1831 693 1843 714 ,
1857 672 1915 703 an

1205 725 1340 770 etiarn
1393 717 1605 789 acquisita
1652 723 1914 790 complexus

1209 792 1446 840 censeatur.

1310 901 1722 936 SVMMARIVM

1133 997 1162 1023 1.
1178 989 1573 1034 Pronomen‚suum‚vel,eius
1584 985 1795 1034 quidfignificet
1808 993 1823 1024 3

1131 1049 1163 1072 2.
1176 1044 1284 1084 Legata
1289 1037 1388 1085 stria>
1397 1040 1622 1082 interpretanda.

1132 1099 1161 1132 3.
1175 1092 1252 1122 onr
1261 1087 1331 1122 rect}
1348 1100 1382 1122 ea
1403 1088 1454 1136 fua
1477 1096 1560 1121 vocat
1572 1111 1581 1127 ,
1593 1097 1650 1131 qua
1656 1084 1719 1130 fine
1731 1095 1779 1132 ope
1794 1089 1891 1123 mariti
1901 1112 1915 1131 ,

1203 1135 1348 1183 constante
1359 1138 1539 1173 matrimonio
1551 1134 1707 1181 acquifiuit.

1131 1247 1215 1325 D
1232 1249 1256 1281 Ε
1273 1241 1427 1292 acquisitis
1446 1242 1579 1279 modurn
1603 1240 1780 1290 disputandi
1804 1242 1855 1280 hic
1874 1242 1917 1279 fii·

1233 1306 1333 1330 cerem
1354 1319 1365 1337 ‚
1387 1290 1443 1329 nifi
1457 1293 1507 1329 illa
1521 1291 1650 1342 quaestio
1671 1289 1792 1329 silenter
1809 1306 1919 1342 praete-

1134 1346 1186 1378 riri
1199 1357 1264 1380 non
1276 1344 1394 1392 poss'et:
1418 1357 1456 1378 an
1476 1345 1595 1380 coniux
1622 1342 1662 1377 de
1684 1342 1816 1380 dimidia
1834 1338 1921 1392 quae·

1130 1394 1232 1429 stuum
1253 1407 1336 1442 parte
1366 1393 1492 1430 testatus
1517 1394 1571 1429 effe
1595 1393 1737 1429 videatur
1758 1417 1771 1435 ,
1791 1395 1845 1442 qui
1865 1393 1921 1430 sub

1131 1443 1260 1480 clausula
1283 1443 1416 1492 generali
1444 1444 1529 1481 bon-a
1548 1455 1588 1478 ex
1620 1440 1670 1478 sua
1693 1454 1778 1491 parte
1811 1457 1920 1492 proce-

1130 1492 1237 1531 dentia
1256 1494 1347 1530 alicui
1366 1493 1503 1541 reliquit.
1535 1492 1638 1536 Quod
1659 1490 1726 1527 sane
1752 1494 1785 1528 in
1806 1496 1922 1530 marito

1131 1542 1171 1578 fic
1192 1544 1319 1580 testante
1341 1542 1446 1581 minus
1481 1540 1655 1579 dubitabile
1686 1555 1825 1591 apparet,
1848 1544 1922 1580 cum

1132 1606 1228 1641 opera
1251 1618 1260 1633 ‚
1284 1592 1390 1630 labore
1423 1591 1608 1642 solertiaque
1640 1590 1732 1639 ipsius
1764 1594 1923 1631 constante

1134 1644 1343 1680 matrimonio
1382 1641 1545 1689 facultates
1579 1643 1683 1689 augeri
1710 1641 1826 1679 soleant
1847 1669 1859 1689 ‚
1886 1657 1922 1682 vt

1134 1692 1306 1728 identidem
1328 1694 1399 1730 ante
1424 1694 1545 1730 dietum
1557 1691 1601 1726 est
1615 1717 1624 1732 ,
1637 1697 1668 1725 ἃ
1695 1705 1734 1727 ex
1757 1705 1841 1741 parte
1858 1695 1924 1731 eius

1133 1741 1249 1777 merito
1260 1745 1425 1788 prouenire
1446 1744 1597 1779 dicantur.
1612 1742 1663 1775 De
1676 1754 1772 1778 vxore
1784 1743 1852 1791 plus
1862 1743 1925 1780 hae-

1133 1790 1286 1828 litationis
1297 1792 1548 1841 habetquaestio:
1566 1791 1720 1838 quoniam*
1736 1803 1839 1829 tamen
1858 1797 1925 1831 eius
1972 1804 1974 1807 ·

1132 1841 1280 1878 industria
1307 1843 1344 1878 ad
1367 1842 1524 1884 bonorum
1547 1838 1808 1886 conquisitionem
1829 1844 1926 1879 mini-

1137 1890 1229 1927 mum
1250 1891 1395 1938 confert,
1407 1887 1507 1941 iieque
1521 1905 1559 1927 ex
1570 1892 1635 1926 eius
1656 1903 1739 1938 parte
1758 1906 1791 1928 ea
1805 1894 1925 1940 proces-

1133 1941 1259 1978 serunt:
1276 1941 1385 1993 vtique
1410 1943 1508 1991 magis
1531 1941 1574 1977 est
1591 1967 1602 1987 ,
1618 1950 1653 1975 vt
1677 1941 1717 1978 de
1740 1942 1787 1978 his
1807 1942 1923 1982 'senfiss‘e

1131 1992 1283 2029 duntaxat
1318 1991 1511 2042 intelligatur
1531 2018 1542 2037 ,
1565 2003 1632 2040 quae
1645 1988 1700 2028 sibi
1723 1991 1772 2028 vel
1805 1993 1922 2033 dotalia

1133 2051 1219 2078 erant
1235 2068 1245 2087 ‚
1259 2041 1308 2077 vel
1331 2040 1555 2092 paraphernalia
1578 2067 1588 2085 ,
1618 2040 1669 2076 vel
1690 2055 1758 2091 quae
1774 2041 1792 2077 a
1814 2056 1923 2091 paren-

1131 2091 1239 2134 tibus,
1260 2092 1439 2129 aliorumve
1457 2091 1641 2128 successione
1660 2089 1711 2127 seu
1734 2091 1921 2131 liberalitate

1131 2153 1298 2188 acceperat.
1316 2143 1445 2178 Etenim
1459 2143 1540 2178 bona
1569 2139 1718 2188 acquisita
1739 2143 1920 2179 incommu-

1131 2191 1270 2227 tabiliter
1282 2190 1334 2227 sua
1356 2206 1421 2228 non
1444 2192 1515 2229 sunt
1538 2188 1612 2226 cum
1624 2190 1717 2227 viuus
1736 2194 1862 2228 maritus
1884 2207 1921 2231 ea

1130 2240 1258 2277 alienare
1272 2245 1326 2285 ‚&
1349 2242 1423 2279 citra
1450 2241 1592 2277 fraudem
1615 2237 1787 2277 diffundere
1815 2245 1918 2290 poffit.

1131 2292 1234 2339 Atqui
1260 2303 1437 2339 pronomen
1453 2292 1606 2338 [Suum]
1619 2288 1668 2326 vel
1681 2291 1796 2339 [eius]
1810 2305 1917 2331 verum

1127 2341 1387 2378 incommutabile
1408 2346 1428 2365 *
1462 2342 1645 2377 dominium
1660 2338 1811 2388 fignificat
1821 2368 1831 2384 ‚
1844 2350 1920 2378 Bar·

1129 2392 1391 2429 tol.ad11b.1.c.de
1401 2389 1511 2438 thesau.
1526 2391 1575 2426 lib.
1596 2402 1645 2428 ιο.
1664 2392 1777 2430 &adh
1792 2394 1918 2438 Qintus
1960 2387 1976 2402 ⁶

1129 2439 1201 2486 ffide
1211 2452 1280 2476 auro
1291 2444 1325 2480 ἐν
1337 2446 1438 2489 ar'gen.
1457 2444 1549 2489 degan
1557 2451 1656 2487 neque
1678 2443 1858 2477 communia
1868 2455 1917 2478 re-

1129 2489 1230 2537 spicit,
1241 2491 1262 2526 l.
1274 2492 1325 2525 hoc
1334 2489 1513 2538 legatumff.
1527 2491 1559 2525 de
1567 2491 1680 2536 legans.
1698 2504 1727 2536 3.
1740 2500 1799 2536 cap.
1811 2491 1870 2538 fin.
1881 2493 1917 2528 de

1133 2538 1402 2586 verbfignificaJib.
1418 2545 1452 2585 6,
1468 2542 1550 2576 Bald.
1561 2541 1598 2574 ad
1611 2541 1736 2586 [Aegatis
1748 2544 1829 2577 vxor}
1835 2540 1873 2586 ff.
1881 2543 1916 2576 de

1129 2593 1218 2635 legar.
1234 2603 1262 2624 2.
1278 2589 1339 2624 Sed
1354 2591 1489 2639 opponis
1509 2590 1530 2626 1.
1550 2588 1695 2637 pupillus.
1705 2592 1736 2636 ξ.
1759 2587 1815 2625 fin.
1829 2589 1861 2627 ff.
1873 2590 1914 2628 de

1130 2639 1218 2676 verb.
1229 2637 1360 2687 fignific.
1373 2641 1439 2686 &l
1464 2639 1540 2676 lerui
1564 2637 1768 2687 eleetione.§.
1791 2640 1912 2681 Labeo.

1129 2702 1201 2727 cum
1213 2691 1245 2736 ξ.
1256 2687 1380 2738 seqq.ff.
1391 2690 1431 2728 de
1443 2688 1534 2738 legat.
1551 2688 1702 2737 aquibus
1720 2689 1836 2727 dicitur
1858 2691 1911 2728 ista

1130 2740 1318 2788 pronomina
1329 2743 1423 2777 etiarn
1445 2740 1483 2776 ad
1495 2752 1527 2774 ea
1537 2764 1547 2781 ‚
1563 2751 1634 2787 quae
1648 2750 1720 2774 cum
1733 2739 1796 2776 alio
1819 2752 1910 2776 com-

1130 2789 1237 2832 munia
1247 2787 1318 2826 sunt
1339 2815 1352 2835 ,
1372 2789 1450 2827 trahi
1464 2816 1475 2833 ‚
1495 2790 1672 2837 vbicunque
1697 2801 1743 2825 res
1779 2787 1911 2826 subieeh

1131 2839 1165 2876 id
1178 2840 1288 2886 exigit.
1302 2841 1380 2878 Esto
1393 2856 1405 2876 .·
1414 2838 1528 2887 quippe
1547 2836 1570 2874 fi
1580 2837 1702 2877 dixisset
1712 2852 1812 2881 vxor,
1822 2837 1850 2875 Ie
1861 2838 1911 2876 sua

1131 2890 1213 2927 bona
1233 2889 1331 2938 legare
1343 2916 1355 2937 ‚
1373 2887 1491 2926 fortasse
1511 2888 1571 2925 hoc
1591 2887 1695 2925 locum
1718 2888 1826 2925 habere
1845 2914 1858 2935 ‚
1875 2900 1913 2926 vt

1132 2938 1213 2982 certe
1224 2939 1348 2977 haberet
1361 2954 1370 2975 ε
1383 2951 1414 2976 at
1427 2937 1499 2975 curn
1528 2937 1664 2980 dixerit,
1685 2938 1765 2975 bona
1784 2950 1823 2974 ex
1845 2951 1915 2986 par-

1132 3003 1162 3028 te
1173 2989 1232 3028 sua)
1241 2989 1458 3038 procedentia,
1471 2987 1570 3026 striae
1579 2984 1614 3024 ea
1632 2988 1724 3024 verba
1747 2987 1913 3024 secundum
1937 3010 1940 3014 ·

1130 3040 1302 3088 legatorum
1323 3041 1340 3078 †
1370 3050 1511 3075 naturam
1553 3036 1777 3085 interpretanda
1809 3036 1880 3074 sunt
1902 3063 1912 3083 ,
1958 3067 1969 3078 .

1130 3093 1151 3127 l.
1163 3088 1367 3135 numniic.ff.de
1376 3092 1521 3135 legatam.
1538 3092 1570 3124 δι
1582 3099 1622 3123 ex
1643 3088 1771 3135 ingenio
1800 3087 1915 3124 mulie-

1131 3152 1201 3177 rum
1214 3140 1390 3176 aestimanda
1407 3165 1418 3184 ‚
1432 3137 1518 3186 quod
1532 3135 1619 3179 diac!
1640 3135 1826 3173 donandum
1843 3148 1914 3184 pei·-

1132 3185 1509 3236 diffici1e‚t.sedfiego.ff.
1525 3187 1565 3222 ad
1572 3193 1605 3221 S.
1616 3192 1650 3221 C.
1669 3187 1876 3232 Velleia.t.quod
1887 3185 1914 3232 [ὶ

1126 3237 1311 3286 [pensanda
1321 3237 1533 3283 donat.glo[1‘.in
1544 3237 1626 3282 Lquae
1637 3233 1749 3281 docimff.
1758 3235 1812 3281 sol.
1824 3246 1911 3271 matr.

1133 3292 1172 3327 (φ’
1184 3289 1224 3324 ibi
1238 3288 1319 3337 rafim
1332 3299 1394 3325 cum
1413 3289 1489 3333 Λᾷε.
1527 3283 1673 3322 Maxime
1694 3283 1914 3367 auternal'siea

1830 3346 1916 3383 egata
