2052 3562
321 207 400 241 DE
445 201 846 240 TESTAMENT.
901 202 1161 238 CONIVG.
1201 201 1304 238 [ΑΒ.
1351 205 1433 238 11..

86 269 198 307 Caroli
217 272 262 306 V.
275 272 359 320 Imp.
374 283 458 307 anno
475 282 574 319 1540.
587 268 753 320 publicata,
770 266 894 303 nullum

85 320 207 357 lucrum
219 320 531 358 consuetudinarium
539 326 646 370 petere
659 318 759 367 potest
774 343 784 359 ‚
794 329 895 366 quai-.-

87 383 294 419 tumcumque
319 372 414 408 ctiam
431 370 594 408 consensus
609 381 772 419 parentum
788 368 893 414 postea

23 465 32 472 Α
84 422 236 458 access'erit
246 447 256 466 ,
270 420 357 458 ficuti
367 423 419 457 lab.
431 433 524 468 1.cap.
529 435 559 472 5.
574 421 718 471 peculiari
730 421 891 455 tractatio-

86 485 126 508 ne
136 471 522 521 abundantercxpofitum
545 475 599 507 est.
627 469 730 511 Quod
750 467 823 504 cum
847 470 890 504 ita

83 519 143 568 fit,
164 526 196 557 ὃ(
221 524 351 560 maritus
362 524 394 558 in
409 522 629 571 praeiudicium
639 519 721 555 illius
732 522 839 555 vxoris
850 519 891 553 de

85 572 179 609 bonis
189 572 344 621 acquisitis
357 573 449 609 libere
460 572 558 609 testari
571 570 672 622 potest
683 595 694 614 ,
706 575 737 606 δι
751 569 804 605 illa
818 583 888 619 quae

81 635 136 672 per
148 624 280 659 haeredes
292 625 394 661 mariti
408 648 418 667 ‚
440 625 535 659 etiam
558 622 742 660 testamento
764 622 830 658 eius
855 621 888 655 in

82 675 274 711 contrarium
287 689 351 710 noi.
361 672 560 718 obstante‚ab
571 673 665 709 omn'r
672 671 761 707 lucro
772 675 803 707 δι
818 684 889 721 par-

86 724 271 774 ticipatione
280 726 346 764 iure
355 724 524 775 repellitur.

340 820 374 853 c
397 818 429 850 A
452 818 488 853 Ρ.
552 819 622 852 VI.

20 942 22 945 -
85 905 164 956 An
180 908 311 956 vxori
339 907 578 956 dimidiam
594 902 719 974 parte
734 907 888 972 acqui-

165 974 358 1025 fitorum
373 979 545 1043 petenti
565 976 704 1024 obiici
733 972 862 1042 poffit
875 1011 889 1033 ‚

159 1046 287 1115 quod
304 1064 368 1095 res
384 1048 534 1095 mariti
560 1044 701 1094 stante
730 1046 886 1092 matri-

165 1117 332 1163 monio
349 1118 525 1164 amouit
538 1153 552 1176 ‚
571 1129 649 1164 aut
663 1114 859 1162 decoxit.

297 1249 319 1277 S
342 1248 363 1278 V
386 1250 477 1279 M»¹M
499 1251 522 1279 A
550 1250 615 1280 R}
639 1250 676 1283 A.

62 1340 64 1342 ’
89 1348 117 1372 1.
132 1338 209 1369 onr
221 1343 277 1379 quae
288 1344 333 1367 res
345 1336 445 1369 mariti
452 1336 564 1370 amouit
571 1359 583 1378 ‚
605 1332 805 1380 acquisitorum
812 1341 888 1378 par·-

144 1408 146 1410 >
179 1392 235 1418 tem
247 1394 285 1417 an
299 1383 494 1428 consequatur.
846 1386 849 1388 “

83 1444 117 1469 2.
131 1438 226 1467 Luxus
237 1433 385 1468 mulierum
398 1442 531 1470 notatur.

78 1494 115 1533 ¹3,
131 1478 245 1528 Ebn'osa
255 1492 341 1528 vxor,
349 1482 542 1518 veldecocirix
553 1493 592 1517 an
603 1480 805 1527 acquisitorum
817 1489 888 1526 por-

180 1533 257 1566 tione
263 1533 407 1577 priuetur.

89 1594 123 1630 4.
135 1579 297 1629 Cotisessiffi
306 1582 421 1616 videtur
433 1580 650 1627 qui,cumpossit
657 1579 817 1625 prohibere,
829 1591 887 1614 non

173 1633 319 1677 prohibet.
394 1629 400 1676 '-
491 1643 498 1645 “

25 1715 35 1724 „
83 1692 117 1731 ς.
131 1680 384 1718 onrideducenda
396 1691 454 1714 non
469 1679 539 1727 sune
553 1704 564 1723 ,
579 1690 637 1724 qua
649 1681 768 1714 maritus
780 1690 815 1713 ex
823 1682 886 1726 pie-

183 1738 244 1765 tate
250 1740 304 1777 pro
314 1741 348 1763 ea
350 1729 449 1776 foluit.

69 1806 71 1808 -
85 1782 119 1818 6.
134 1785 214 1816 onr
221 1793 260 1816 an
272 1781 390 1814 deducat
401 1781 432 1814 de
443 1776 582 1824 acquisitis
603 1788 637 1813 ea
657 1802 668 1820 ,
689 1788 746 1822 quae
766 1781 885 1814 maritus

171 1829 313 1877 profudit.

175 1922 237 1956 AM
245 1931 324 1955 iza-51
348 1917 380 1952 in
392 1915 548 1952 honorem
559 1915 754 1964 matrimoni]
764 1941 775 1962 ,
786 1917 886 1965 turpis

84 1924 162 2006 T
175 1971 269 2012 aetio,
289 1967 389 2019 qualis
409 1967 451 2003 est
469 1965 568 2011 furti,
590 1964 732 2002 aduersus
756 1980 887 2002 vxorem

83 2035 150 2060 non
161 2020 254 2058 detur
263 2045 273 2064 ,
296 2016 351 2055 nifi
361 2017 429 2066 post
439 2017 610 2063 separatum
624 2018 864 2053 matrimonium
876 2043 887 2062 ,

0 2098 8 2106 -
44 2076 48 2081 '
82 2070 229 2120 aditacjue
243 2069 424 2106 haereditate
434 2079 481 2102 res
496 2067 600 2112 mariti
613 2069 785 2102 contreRet
798 2069 842 2112 ‚l.
854 2081 885 2102 z.

86 2125 125 2163 (φ’
141 2120 356 2170 3.ff.rer.amot.
370 2116 449 2154 nihil
460 2126 566 2152 tamen
579 2117 715 2152 dubium
728 2117 772 2153 est
786 2144 795 2158 ,
808 2119 887 2166 quin

42 2175 45 2178 ’
85 2184 187 2209 rerum
201 2181 376 2206 amotarum
399 2166 521 2203 afflone
546 2169 707 2203 conueniri
730 2164 842 2216 possit,
866 2167 888 2204 fi

67 2222 245 2260 'constante
266 2218 475 2256 matrimonio
497 2215 690 2265 aliquarviro
713 2217 768 2255 suo
789 2218 888 2255 inscio

83 2269 376 2320 subtraxerit‚ea(‘1ue
388 2265 560 2312 affimficut
568 2271 601 2302 δι
612 2266 650 2302 ad
662 2268 889 2316 exhibendum,

0 2335 7 2344 ‘
61 2342 65 2346 ·
83 2326 177 2372 'atque
186 2320 374 2357 haereditatis
384 2317 780 2368 petitio,condi6tiot'1ue,&
794 2319 889 2355 haere-

85 2373 120 2409 di
129 2373 232 2409 mariti
245 2376 276 2407 &
290 2373 323 2406 in
338 2369 470 2406 haeredes
481 2367 587 2403 vxoris
606 2368 770 2411 dabitur,l.
783 2371 887 2407 contra

87 2424 148 2465 eod.
159 2425 208 2457 tit.
219 2425 420 2468 Quapropter
429 2417 585 2465 ambigere
596 2431 660 2453 non
671 2423 888 2468 oportet,quin

30 2488 43 2500 ·
86 2471 230 2509 aduersus
241 2484 308 2507 eam
320 2483 376 2519 pro
390 2468 524 2504 dimidia
536 2478 619 2515 parte
632 2467 790 2505 bonorum
809 2472 824 2508 †
837 2485 887 2507 ac-

34 2530 36 2532 '
88 2520 278 2572 quisitorum
296 2531 436 2568 agentem
450 2545 460 2561 ,
487 2522 519 2553 &
543 2517 758 2555 testamentum
777 2522 835 2557 viri
849 2522 888 2558 de

87 2571 236 2609 omnibus
249 2571 341 2606 bonis
352 2566 504 2619 acquisiti}
513 2568 682 2604 conditum
697 2570 886 2619 impugnan-

69 2641 73 2645 «
89 2617 579 2667 tem‚exceptio,compensatioue
590 2631 760 2666 competat,
775 2624 795 2656 l.
809 2625 888 2656 inui-

89 2684 132 2709 tus
147 2667 507 2717 nemo.§.cuidamus.ff.de
520 2667 886 2714 reg.1'ur.l.c12m,mulind.

87 2725 136 2761 tit.
150 2733 206 2757 rer.
218 2730 304 2756 amor.
319 2725 350 2755 &
362 2718 450 2767 quod
461 2717 530 2763 plus
544 2717 586 2753 est
598 2741 608 2759 ‚
620 2717 761 2755 aduersus
775 2734 841 2756 eam
853 2722 885 2755 in

87 2774 176 2811 litem
195 2771 286 2807 iurari
297 2769 401 2816 poffit²
412 2771 432 2804 l.
440 2767 468 2814 fi
475 2767 539 2805 cuim
548 2769 723 2803 dos.eod.tit.

138 2825 217 2859 Non
236 2826 324 2866 mque
347 2819 492 2866 expedita
511 2818 554 2854 est
564 2816 695 2865 quaestio
703 2816 743 2853 de
757 2829 854 2854 vxorc
872 2843 883 2860 ,

88 2885 158 2921 quae
185 2870 305 2919 poculis
329 2871 366 2905 δε
391 2866 695 2905 commessationibus
709 2869 824 2909 bonam
838 2881 887 2902 re-

88 2936 157 2960 tum
170 2921 272 2956 mariti
285 2919 464 2968 portionem
475 2916 744 2966 absumpfit,qu0d
759 2918 885 2953 interim

0 3003 1 3010 ,
23 2983 25 2987 ·
89 2972 225 3008 accidere
248 2970 403 3005 videmus.
427 2973 474 3006 Vt
493 2968 578 3004 enim
598 2967 701 3004 sileam
713 2968 810 3015 quarn
824 2968 884 3003 do-

3 3023 9 3027 ’
38 3026 60 3039 ”·
89 3025 220 3066 stum&
230 3018 420 3056 fastidiosum
430 3017 465 3055 fit
477 3015 628 3066 plerisque
638 3022 658 3041 *
671 3016 807 3053 saeminis
826 3030 880 3066 pa-

89 3072 189 3110 latum
210 3097 221 3116 ‚
239 3069 414 3118 ingluuiem
435 3080 564 3118 quoque
584 3069 618 3104 in
637 3067 823 3117 quibusdam
849 3072 881 3102 &

25 3122 28 3126 “
89 3121 306 3170 quotidianam
330 3118 544 3156 temulentiam
566 3117 708 3155 nonnulli
721 3130 880 3154 notarunt.

89 3179 264 3209 Mantuanus
278 3172 308 3205 in
320 3171 425 3215 Alpho.
438 3174 532 3215 Eclog.
539 3167 688 3215 Accurfiad
695 3171 715 3203 l.
725 3179 734 3202 ι
744 3171 884 3215 .§.taceat

85 3223 126 3258 ad
134 3222 308 3256 verbMores
320 3221 393 3255 c.de
402 3222 443 3254 rei
452 3219 636 3257 vxorastss&
645 3219 683 3252 ad
696 3219 716 3254 ἰ.
731 3221 783 3256 vlt,
797 3216 876 3264 gloffi

87 3273 180 3307 vinc.
193 3271 225 3304 de
232 3270 415 3312 repudJoan.
427 3272 580 3304 Neuizan.
590 3269 620 3301 in
626 3267 678 3315 le.
693 3277 776 3313 nupt.
786 3267 837 3303 lib.
849 3280 880 3302 z.

84 3329 152 3369 cap.
160 3320 246 3359 dium
258 3330 316 3354 non
325 3318 374 3364 effe
385 3318 508 3355 nubenti.
518 3330 587 3367 quae
599 3330 644 3354 res
657 3329 751 3367 quam
764 3329 881 3354 certum

945 268 1063 304 maritis
1084 269 1219 304 exitium
1255 264 1319 303 adft
1327 278 1395 302 rant
1416 294 1426 312 ,
1460 266 1610 305 testantur
1642 267 1746 304 versus

945 318 1114 354 claudiani
1130 320 1177 354 lib.
1204 334 1232 355 ι.
1245 321 1277 352 in
1289 316 1442 362 Ruffinum.

995 370 1122 403 Ettuxus
1128 370 1280 415 populator
1293 376 1376 413 opum
1395 393 1405 409 ,
1432 379 1514 414 quem
1526 367 1635 416 semper
1654 369 1748 404 adha-

1040 429 1105 452 rens

990 465 1097 513 Infelix
1109 469 1210 503 humili
1220 467 1313 514 greffu
1325 477 1475 503 comitatur
1488 466 1603 515 egestas.

943 517 1101 559 Quamuis
1122 530 1198 566 ergo
1223 521 1285 552 hoc
1304 519 1373 553 casu
1396 518 1482 553 idem
1506 519 1560 553 effe
1580 516 1742 559 videatur,

940 568 1028 612 quod
1042 567 1083 602 de
1109 568 1200 602 rebus
1222 569 1338 602 amotis
1361 568 1502 603 diximus
1525 582 1533 603 ι
1553 582 1614 616 ego
1637 580 1743 604 tamen

941 615 1080 652 multum
1108 618 1245 653 interesse
1272 617 1418 653 existimo
1444 643 1454 659 ‚
1475 631 1542 652 non
1567 625 1586 641 Χ
1610 618 1740 667 quidem
1761 630 1788 666 3.

938 667 1054 714 quoad
1068 667 1220 703 damnum
1242 670 1345 704 mariti
1371 667 1462 717 quod
1486 680 1619 717 Vtroque
1640 669 1742 705 modo

938 728 1026 764 aeque
1040 731 1189 767 magnum
1214 717 1256 753 est
1277 743 1288 762 ‚
1308 718 1360 754 sed
1384 717 1450 767 quo
1471 717 1509 753 ad
1521 722 1742 768 repetitionem
1802 748 1805 757 ,

939 768 989 802 vel
1012 766 1301 817 compensationem
1328 768 1555 817 postulandam.
1585 774 1668 805 Nam
1689 783 1743 807 aut

937 818 1068 854 maritus
1089 819 1168 855 hanc
1193 820 1301 855 vxoris
1337 820 1610 867 intemperantiam
1636 826 1667 855 ὅ(
1691 821 1741 856 lu-

937 880 1012 903 xum
1027 867 1138 913 sciuit',
1151 881 1204 905 aut
1217 868 1416 917 ignorauitzsi
1426 869 1537 914 sciuit,
1551 869 1678 918 vulgata
1692 873 1743 907 iu-

937 917 978 953 ris
989 918 1093 967 regula
1103 919 1208 955 locum
1222 919 1371 965 habebit,
1389 918 1480 969 quod
1492 919 1598 957 scienti
1620 926 1651 956 ὃ(
1680 936 1744 957 νο-

936 967 1013 1004 lenti
1025 983 1090 1006 non
1106 970 1144 1007 fit
1156 971 1266 1006 iniuria
1278 983 1378 1019 neque
1407 970 1502 1006 dolus
1514 995 1524 1014 ,
1552 981 1615 1017 cap.
1624 970 1740 1017 scienti.

936 1021 970 1054 de
983 1022 1066 1066 regul
1085 1022 1140 1056 im.
1155 1033 1283 1070 quoque
1295 1021 1328 1056 in
1353 1019 1445 1057 simili
1466 1020 1516 1057 lex
1537 1024 1579 1057 ait
1592 1047 1603 1067 ,
1619 1019 1742 1057 furtum

936 1069 1001 1104 dici
1013 1083 1077 1106 non
1088 1071 1172 1119 posse
1185 1098 1197 1117 ‚
1221 1069 1277 1107 nisi
1288 1071 1321 1106 id
1337 1096 1345 1110 ,
1365 1073 1398 1107 in
1411 1084 1478 1119 quo
1489 1074 1594 1107 inuito
1606 1071 1742 1108 domino

937 1115 1013 1155 sach
1024 1121 1067 1156 est
1079 1123 1336 1168 contrestatio‚§.
1345 1134 1356 1156 1
1365 1150 1373 1158 .
1384 1128 1399 1157 1
1401 1120 1476 1169 nstiti
1491 1126 1523 1159 de
1537 1123 1584 1158 obl
1590 1132 1623 1168 g.
1637 1133 1695 1167 qua
1705 1133 1742 1157 ex

937 1170 1028 1206 delmi.
1040 1170 1172 1218 nascunt.
1190 1176 1223 1207 &
1236 1170 1326 1220 quod
1343 1174 1367 1208 is
1381 1197 1391 1211 .
1402 1174 1459 1220 qui
1475 1174 1626 1221 impedire
1641 1197 1651 1213 ‚
1663 1184 1742 1207 con·

938 1219 1106 1264 tradicere,
1133 1221 1359 1272 prohiberec‘lue
1373 1224 1392 1243 *
1406 1224 1512 1269 potuit
1535 1249 1546 1267 ,
1573 1235 1610 1258 ne
1631 1222 1737 1268 prohia

938 1268 1007 1305 buit
1021 1297 1031 1312 ,
1048 1269 1225 1307 consenfiss‘e
1239 1299 1249 1317 ‚
1274 1272 1456 1309 commifisse
1469 1301 1479 1317 ,
1493 1279 1525 1309 δι
1541 1271 1679 1308 remffiffe
1693 1274 1742 1308 vi-

937 1318 1030 1355 detur
1041 1347 1051 1366 ,
1074 1320 1266 1371 habeturcjue
1275 1335 1332 1370 pro
1343 1322 1456 1359 sciente
1467 1350 1477 1364 ‚
1502 1322 1523 1358 fi
1535 1336 1588 1358 aut
1601 1323 1672 1359 scire
1685 1336 1744 1370 po·

937 1370 1011 1408 tuit,
1021 1384 1075 1407 aut
1085 1371 1208 1417 debuit,
1219 1375 1239 1408 ἰ.
1251 1377 1300 1419 qui
1309 1384 1419 1408 contra.
1433 1374 1511 1408 C,-de
1522 1371 1618 1418 incest.
1633 1377 1743 1419 nupt.l.

937 1422 1061 1462 quicum
1071 1424 1138 1457 alio.
1148 1421 1185 1467 ff.
1202 1425 1233 1456 de
1245 1434 1294 1468 reg
1316 1425 1371 1457 iur.
1387 1432 1448 1469 cap.
1457 1422 1482 1466 fi
1495 1426 1596 1458 κῆον.
1609 1436 1667 1468 44.
1679 1422 1745 1470 dist.

937 1479 1001 1514 cap.
1014 1473 1087 1516 quod
1096 1472 1295 1519 enim.81.‹iist
1311 1476 1431 1518 arg..l.z.
1443 1470 1747 1520 §.voluntatemffso-

936 1520 980 1552 lut
989 1524 1272 1558 marrini.13ald.adl.
1283 1534 1309 1558 i.
1320 1530 1356 1558 C.
1371 1523 1479 1559 debon.
1495 1534 1552 1568 qux
1566 1522 1648 1560 liber.
1661 1527 1694 1561 (5
1710 1524 1748 1558 ad

936 1568 957 1602 l.
967 1567 1062 1614 suum.
1087 1578 1123 1606 C.
1146 1573 1179 1606 de
1202 1573 1409 1617 repuddmred.
1434 1576 1480 1609 Et
1490 1570 1579 1620 quod
1596 1573 1747 1613 maritus,

938 1616 986 1653 scu
1002 1622 1107 1667 quiuis
1118 1619 1194 1657 alius
1207 1635 1272 1657 non
1288 1622 1525 1668 improbat‚hoc
1535 1623 1673 1657 creditur
1686 1621 1748 1656 ad*

937 1669 1086 1717 probare,
1106 1673 1129 1706 l.
1142 1684 1166 1706 1.
1180 1674 1198 1718 ξ
1224 1673 1335 1707 mariti.
1349 1674 1386 1710 (γ’
1397 1672 1436 1706 ibi
1442 1675 1525 1718 gloff.
1533 1670 1570 1716 ff.
1583 1683 1641 1706 rer.
1652 1681 1740 1707 amoe.

937 1717 1065 1767 Insuper
1077 1717 1154 1756 ficut
1166 1722 1390 1756 Macedoniani
1413 1725 1442 1757 S.
1460 1725 1500 1756 C.
1516 1721 1662 1771 exceptio
1684 1721 1746 1756 ces-

935 1766 979 1804 set
992 1796 1002 1813 ,
1011 1768 1033 1804 si
1045 1769 1163 1806 sciente
1173 1783 1258 1819 patre
1268 1769 1599 1807 filiusfamil.rnutuum
1613 1773 1744 1819 accepit,

936 1821 957 1854 l.
964 1816 1093 1864 litamen
1102 1818 1247 1868 scienteff.
1261 1822 1299 1856 ad
1309 1829 1342 1857 S.
1357 1828 1394 1858 C.
1406 1822 1650 1857 Macedonian.ita
1661 1833 1747 1870 quo-

935 1880 997 1916 que
1032 1870 1156 1906 scientia
1201 1869 1427 1918 tolerantiaque
1450 1872 1553 1906 mariti
1577 1872 1631 1907 hac
1660 1873 1693 1908 in
1713 1885 1746 1907 re

936 1917 1107 1967 plurimum
1132 1920 1334 1969 ponderanda
1357 1921 1400 1957 est
1413 1947 1424 1966 ,
1446 1933 1498 1969 per
1518 1934 1612 1970 quam
1624 1921 1747 1958 malitia

936 1973 1045 2006 vxoris
1060 1994 1071 2013 ,
1095 1982 1189 2019 quam
1206 1971 1402 2018 impediuisse
1415 1976 1446 2007 δι
1461 1971 1619 2020 repreffiffe
1630 1972 1748 2008 debue-

936 2031 983 2054 rat
996 2044 1006 2062 ‚
1019 2022 1107 2056 auffl
1123 2047 1131 2061 ,
1148 2026 1179 2057 &
1192 2020 1278 2070 quali
1289 2021 1417 2058 laudata
1432 2022 1568 2058 videtur.
1599 2021 1702 2067 Qud
1724 2020 1749 2059 fi

937 2069 1016 2104 vero
1041 2071 1169 2108 maritus
1198 2073 1306 2108 vxoris
1342 2072 1597 2121 prodigalitatem
1622 2073 1750 2120 ignora-

939 2122 986 2155 uit
999 2145 1010 2162 ,
1025 2121 1127 2157 adhuc
1142 2120 1378 2158 distinffionem
1394 2124 1540 2171 requiro:
1556 2135 1590 2160 vt
1603 2118 1625 2157 fi
1637 2125 1745 2171 magni

940 2172 1095 2207 momenti
1111 2184 1156 2208 res
1169 2185 1232 2209 non
1248 2171 1285 2210 fit
1297 2199 1307 2216 ,
1324 2171 1505 2209 diffimulct.
1517 2177 1602 2209 Nam
1613 2177 1643 2208 &
1656 2172 1746 2218 lib.5.

940 2219 1036 2267 quast.
1053 2228 1181 2268 3.artic.
1198 2234 1249 2259 11.
1263 2237 1302 2259 ex
1326 2222 1435 2259 multis
1457 2222 1525 2261 aliis
1536 2222 1662 2260 resoluit
1676 2226 1751 2259 Do-

940 2272 1049 2307 minic.
1067 2271 1082 2306 a
1096 2275 1178 2309 Soto
1197 2297 1207 2316 ‚
1240 2273 1369 2322 quando
1386 2272 1471 2309 filius
1482 2272 1559 2310 clam
1571 2285 1655 2323 patre
1667 2297 1677 2316 ,
1696 2285 1749 2309 aut

940 2334 1023 2357 vxor
1035 2319 1113 2357 clam
1128 2323 1242 2361 marito
1257 2322 1333 2373 quid
1347 2323 1496 2365 abstulit,
1517 2336 1571 2361 aut
1591 2336 1630 2360 ex
1655 2323 1749 2360 bonis

939 2372 1005 2407 eius
1025 2370 1197 2420 deglutiuit
1213 2401 1222 2417 ‚
1250 2380 1281 2409 δι
1299 2386 1343 2408 res
1365 2378 1398 2409 ea
1425 2375 1529 2422 magni
1553 2373 1654 2422 praetij
1678 2387 1744 2409 non

940 2421 999 2466 est,
1026 2421 1168 2467 praesumi
1181 2435 1297 2471 patrem
1311 2428 1342 2459 &
1358 2425 1505 2461 maritum
1520 2427 1552 2460 in
1562 2425 1746 2460 minutiori-

939 2471 999 2507 bus
1011 2471 1184 2511 istiusmodi
1197 2500 1207 2516 ,
1235 2473 1362 2512 etiamsi
1375 2473 1513 2519 scissent,
1535 2473 1575 2510 de
1596 2472 1676 2509 sacili
1696 2474 1746 2510 in-

938 2520 1091 2570 dulgere:
1108 2522 1205 2561 nonfi
1220 2537 1266 2561 res
1288 2525 1415 2560 maioris
1437 2523 1582 2573 ponderis
1603 2528 1633 2559 δι
1647 2523 1750 2558 detri-

939 2574 1036 2608 menti
1058 2570 1174 2611 fuerint
1198 2588 1206 2609 :
1231 2588 1297 2622 quo
1317 2573 1384 2610 casu
1406 2587 1492 2610 vxor
1515 2573 1552 2609 ad
1574 2572 1745 2608 restitutio-

940 2635 1011 2657 nem
1021 2634 1161 2660 ¹tenetur.
1192 2625 1225 2659 id
1239 2625 1313 2669 qucd
1324 2628 1362 2663 ῤ’
1383 2627 1492 2659 Bartol.
1509 2625 1547 2658 ad
1561 2626 1579 2658 l.
1594 2635 1620 2659 ι.
1632 2621 1666 2667 ff.
1684 2633 1741 2657 rer.

937 2681 1026 2707 amor.
1039 2673 1075 2710 ά·
1088 2678 1202 2708 Nauar.
1225 2675 1254 2706 in
1262 2672 1313 2719 suo
1339 2675 1471 2707 manuali
1482 2699 1492 2716 ,
1504 2683 1566 2719 cap.
1586 2684 1635 2717 ¹7·
1651 2673 1697 2705 tit.
1709 2673 1742 2705 de

934 2730 1048 2764 peccato
1060 2724 1157 2757 mariti
1166 2724 1216 2756 cir.
1231 2722 1292 2756 bon.
1310 2732 1394 2756 vxor.
1409 2723 1447 2760 ά·
1466 2720 1736 2763 ἒεσηινιμιωηη.

944 2782 974 2814 ¹5
988 2783 1015 2816 3.
1028 2772 1161 2814 probant.
1183 2774 1281 2806 Certe
1302 2770 1574 2818 quemadmodum
1587 2769 1660 2806 filio
1670 2783 1737 2806 non

937 2830 1139 2867 computatur
1156 2819 1187 2855 in
1208 2819 1346 2868 legitima
1368 2818 1447 2856 illud
1466 2847 1478 2866 ,
1497 2819 1585 2867 quod
1612 2833 1670 2868 pro
1691 2833 1732 2855 eo

936 2880 1020 2914 pater
1044 2882 1108 2904 non
1129 2869 1161 2903 in
1183 2869 1251 2906 vsus
1268 2868 1445 2907 ncceffirios
1467 2897 1478 2916 ,
1499 2870 1549 2906 sed
1570 2883 1610 2906 cx
1634 2870 1734 2917 pieta-

937 2929 968 2952 te
992 2916 1085 2953 sbluit
1097 2945 1108 2963 ,
1124 2929 1176 2953 aut
1196 2933 1253 2969 pro
1266 2920 1529 2957 condemnatione
1540 2921 1606 2955 eius
1619 2944 1630 2962 ,
1640 2917 1731 2967 quod

935 2967 1089 3003 inutiliter
1107 2969 1333 3018 consumpserat
1347 2995 1358 3014 ,
1379 2974 1463 3006 iuxta
1486 2980 1546 3006 noe.
1566 2979 1618 3015 per
1643 2971 1727 3007 1203.

934 3019 973 3053 ad
981 3020 998 3051 l.
1011 3020 1087 3053 illud.
1103 3025 1139 3055 C.
1164 3019 1197 3052 de
1210 3022 1303 3055 coll-it.
1313 3023 1349 3060 ἄρ’
1362 3023 1454 3057 Ρναῑέ.
1466 3024 1578 3054 ferrar.
1589 3018 1682 3066 infor.
1692 3021 1731 3054 ti-

934 3068 991 3102 beu.
1003 3077 1055 3113 pro
1067 3068 1166 3103 bared.
1179 3071 1223 3103 vet
1234 3068 1377 3115 refingat.
1397 3071 1485 3106 diuid.
1507 3069 1544 3103 ad
1554 3070 1630 3105 verb.
1654 3080 1733 3104 com-

934 3120 1056 3151 muniter
1072 3119 1109 3155 ά·
1130 3127 1182 3163 pro
1204 3117 1333 3165 indiuisa.
1359 3117 1486 3164 verficul.
1507 3116 1555 3164 [ea
1568 3122 1644 3153 circa
1656 3127 1732 3163 γνι-

932 3168 1008 3201 dista
1021 3168 1165 3212 quaritur.
1187 3164 1226 3201 fic
1249 3179 1304 3203 nec
1317 3171 1335 3189 *
1349 3168 1441 3203 vxori
1458 3179 1496 3203 ex
1520 3179 1608 3215 patre
1619 3165 1727 3216 quaefi-
1747 3189 1782 3222 ς,

934 3228 1040 3251 torum
1056 3215 1241 3252 deducenda
1258 3242 1270 3262 ,
1282 3230 1337 3253 nec
1347 3215 1490 3254 aduersus
1502 3229 1570 3252 eam
1580 3230 1729 3266 compen-

1762 1251 1796 1291 4.

926 3264 1023 3311 sanda
1041 3263 1097 3300 esse
1117 3278 1240 3314 apparet
1261 3279 1296 3303 ea
1318 3295 1330 3313 ‚
1348 3279 1417 3316 quae
1439 3267 1567 3303 maritus
1586 3280 1650 3303 non
1673 3280 1728 3303 ne-

931 3315 1064 3352 ceffitate
1076 3319 1091 3358 (
1103 3317 1175 3365 quia
1185 3317 1256 3365 cogi
1268 3330 1334 3352 non
1346 3319 1489 3366 poterat)
1502 3316 1554 3354 sed
1567 3330 1605 3354 ex
1613 3318 1727 3367 pietate

1269 3368 1358 3403 ΛΜ
1666 3378 1731 3402 vo-
