2052 3562
0 243 6 292 J
15 245 66 306 ,Ψ

5 3247 67 3285 s.

334 163 409 198 DE
458 162 912 200 TESTAMENTIS
962 168 1222 206 CONIVG.
1274 172 1379 210 LIB.
1425 173 1492 211 IV.

1675 178 1735 221 605

107 236 162 272 ,qua
184 227 263 263 liber.
277 225 337 263 Sed
352 230 385 262 ⁴&
399 228 431 263 in
443 232 468 256 ὕ
481 226 617 269 statutis-,-
629 239 664 263 ut
675 228 804 276 propius
813 239 903 262 acce·
950 230 972 262 l.
988 240 1051 265 cum
1062 232 1096 265 de
1107 234 1246 269 lanionis.
1256 237 1286 281 ᾧ.
1300 236 1421 282 afinam.
1431 236 1467 282 ff.
1478 239 1510 273 de
1521 236 1588 284 fan.
1611 240 1739 287 instruct,

106 278 218 313 damus
231 304 241 322 ,
253 275 391 313 similiter
412 276 589 326 responsum
610 278 742 313 inuenio
754 302 764 319 ,
778 287 812 313 vt
823 273 845 310 si
860 277 900 312 de

104 340 204 363 vxore
229 328 397 374 loquantur
418 351 426 364 .
454 329 560 364 locum
593 327 722 363 habeant
749 328 843 362 etiam
867 329 899 362 in

100 376 224 426 sponsa.
240 379 291 412 Sic
304 379 389 412 enim
402 377 550 414 statutum
563 389 600 414 vt
611 377 717 413 debita
732 378 812 412 inter
823 389 900 411 con-

102 429 189 475 iuges
203 426 263 463 lint
285 431 466 464 communia
480 453 490 470 ,
504 429 541 463 ad
557 426 769 475 desponsatam
792 439 899 462 exten-

101 476 199 513 ditur.
213 478 470 524 Card.confil.40.
482 485 599 514 Statum
612 478 746 524 Trigesci.
761 479 798 516 ὠ·
811 477 899 510 Potin

101 538 146 563 ca.
158 529 242 561 tertio
253 529 315 562 ioco
330 554 338 567 ,
358 539 436 563 extr.
449 530 481 562 de
495 527 594 576 praesu.
607 531 696 563 multa
710 529 740 561 in
754 528 829 561 hanc
841 537 898 561 rem

52 581 59 589 '
99 585 267 623 congerens.
292 577 476 626 Eademque
497 580 617 613 ratione
637 577 768 612 crebrius
790 588 892 623 recep-

0 638 15 658 ἰν
41 621 56 656 ’ψ
102 638 171 662 tum
193 625 236 661 est
256 651 267 671 ‚
287 625 435 663 statutum
469 626 636 676 disponens
658 626 747 675 quod
769 627 896 661 maritus

102 689 215 713 certam
239 688 356 724 partem
380 678 466 713 dotis
496 691 593 715 vxore
624 679 707 725 prius
727 675 896 712 decedente

103 726 252 770 lucretur,
264 725 372 761 locum
386 726 506 772 habere,
517 731 612 763 etiam
627 726 648 762 si
660 727 898 762 matrimonium

103 777 360 813 consummatum
386 791 451 813 non
473 776 545 813 fuit.
561 779 643 814 Bald.
665 779 767 812 Nouel.
784 788 814 810 m
834 786 898 810 tra·

61 826 63 828 ’
100 827 206 862 ehtde
217 827 296 870 dote,
307 829 558 873 part.6.priuileg.
568 840 619 873 37.
633 825 714 872 infin
728 825 856 871 Castrum
867 827 895 861 d.

100 878 190 912 1.1.1‘n
206 876 263 910 ide
273 875 598 920 ditifiotie.num.16.&
611 879 640 911 in
651 873 694 922 Lfi
707 877 858 922 γωνίης.
868 890 896 912 1.

34 930 36 933 '
95 923 132 970 ff.
140 924 228 970 solist.
241 934 406 960 mammon.
423 938 485 961 cum
496 929 592 962 multis
604 927 669 961 altis
683 925 702 959 ὰ
713 926 856 959 rhammo
865 926 898 971 (le

99 975 247 1009 Μηκέτι
263 976 382 1010 menae
392 979 469 1011 lucro
484 978 532 1011 dot
546 978 583 1011 ad
595 975 807 1020 verb.Nu'ptam
820 973 897 1009 nuni.

86 1058 90 1060 .
102 1027 197 1070 57.&
204 1022 398 1069 seqaecimn·
408 1049 418 1067 ,
431 1027 532 1071 quibus
542 1027 610 1060 adde
620 1031 751 1060 Panorm.
759 1027 788 1058 in
804 1026 896 1069 Μαι).

80 1090 83 1097 v
100 1077 186 1109 tertio
202 1076 274 1110 loco.
289 1077 330 1110 Et
342 1073 419 1110 lianc
440 1076 625 1111 sententiam
639 1086 788 1122 tanquam
808 1087 898 1109 com-

99 1123 190 1160 muni
203 1122 314 1159 assensu
338 1136 492 1172 receptam
504 1150 515 1169 ,
531 1126 745 1172 verioremque
760 1124 793 1157 in
809 1123 861 1158 iud
871 1124 897 1157 i-

99 1174 156 1209 ciis
178 1177 210 1208 &
231 1172 378 1219 responsis
399 1173 586 1224 sequendam
618 1173 675 1210 essc
699 1171 794 1210 tradit
815 1173 896 1209 ibid.

101 1222 239 1262 Phanuc.
261 1221 316 1258 nifi
326 1224 473 1261 statutum
493 1224 634 1262 disertim
655 1223 694 1259 de
707 1224 776 1259 viro
799 1236 896 1272 copu-

97 1272 180 1316 lata,
207 1284 260 1308 aut
279 1275 384 1320 potius
409 1274 572 1324 compressa
599 1275 791 1323 loqueretur.
814 1275 896 1308 Bald-

101 1324 198 1359 adam.
210 1323 344 1369 nonfine.
472 1338 475 1341 ’

151 1375 204 1408 Ex
225 1371 317 1407 altera
327 1376 412 1421 parte
423 1374 559 1410 rationes
585 1371 771 1409 adferamus.
791 1375 897 1409 Statu-

101 1432 171 1458 tum
184 1425 204 1444 *
216 1422 297 1467 istud
311 1449 321 1466 ‚
336 1436 374 1458 ne
392 1426 441 1458 vir
451 1424 543 1459 vxori
568 1422 670 1472 leget,
691 1422 820 1459 videtur
841 1422 897 1458 essc

102 1484 167 1508 non
181 1471 282 1507 solurn
295 1472 314 1507 ὲ
328 1473 396 1508 inre
408 1475 588 1509 exorbitans
598 1499 609 1518 ,
619 1471 672 1508 sed
697 1472 792 1508 etiam
803 1473 898 1509 odio-

98 1518 270 1570 suin,quia
282 1521 371 1558 tollit
397 1520 527 1560 liberam
548 1522 727 1559 facultatem
751 1522 894 1560 testandi.

99 1569 194 1617 Instir.
212 1573 312 1620 detege
322 1571 896 1622 Ftaficani.infi.i3al.inl.1.col.11‚ver-

95 1621 146 1668 fic.
158 1619 215 1668 wfi)
226 1622 259 1656 de
272 1622 495 1669 effezntiastatuti
508 1649 518 1665 ,
533 1632 569 1660 c.
581 1621 692 1669 desum.
703 1626 808 1658 Trinit.
825 1629 894 1658 loan

98 1672 222 1707 andan
233 1672 320 1707 addit.
336 1673 373 1707 ad
384 1675 492 1718 specul.
507 1675 544 1708 tit
554 1675 586 1709 ae
600 1680 687 1717 empt.
695 1673 733 1709 (γ’
750 1675 892 1718 vendit.§.

98 1731 178 1756 nunc
191 1722 341 1757 videndum
360 1722 430 1768 vers.
445 1722 493 1770 sed
509 1732 583 1768 pone
599 1721 740 1768 statutum
752 1721 828 1768 estin
838 1725 894 1757 ale-

51 1769 54 1772 ’
99 1772 234 1816 quo-loro.
250 1770 334 1820 Iason
348 1771 529 1819 confil.194.
543 1767 734 1816 Superuacite.
747 1782 895 1807 numer.z.

97 1819 169 1868 vers
187 1832 216 1855 2.
231 1823 329 1857 sucin.
343 1822 377 1855 in
393 1823 511 1858 d.l.cum
522 1820 624 1869 fuerit.
639 1819 739 1867 Igitur
749 1819 849 1856 stricte
860 1825 892 1856 δι

97 1870 134 1905 in
166 1869 285 1917 potiori
306 1869 483 1918 significato
507 1871 603 1918 accipi
628 1869 724 1904 debet
740 1894 752 1911 ,
771 1873 790 1906 ἱ.
820 1873 895 1916 quod

51 1957 53 1959 ,
100 1917 164 1957 νηὶ
175 1919 355 1966 contraffde
366 1921 477 1967 legibus
487 1926 522 1962 ὠ
534 1926 653 1956 Senatus
667 1917 772 1965 consul.
783 1923 803 1955 1.
818 1932 893 1965 quae-

99 1972 185 2006 ntur.
197 1968 236 2014 ff.
251 1970 283 2003 de
295 1969 378 2016 statu
390 1973 497 2006 homin.
521 1973 543 2006 l.
561 1981 591 2006 x.
602 1967 635 2015 fl.
644 1968 667 2016 fi
679 1980 749 2015 ager
769 1972 887 2016 vestiga.

98 2023 122 2055 1.
136 2031 166 2053 2.
181 2019 258 2053 ode
270 2021 369 2055 noxal.
382 2023 437 2056 abi.
453 2018 541 2065 cap.fi
551 2030 646 2064 quem.
659 2019 691 2052 de
699 2018 824 2064 sentent.
839 2031 894 2054 ex.

98 2079 241 2104 commun.
255 2071 331 2115 capit
354 2081 416 2104 cum
426 2070 549 2104 emenus.
575 2077 651 2107 exit.
664 2069 695 2101 de
707 2067 830 2113 consuet.
843 2080 892 2104 ca-

100 2120 158 2163 pit.
170 2128 227 2163 qua
239 2115 259 2151 >a
272 2129 342 2154 ture.
362 2122 397 2158 (5
415 2128 479 2164 cap.
505 2119 580 2155 odia.
595 2119 627 2152 de
639 2128 699 2163 reg.
724 2118 780 2153 iur.
795 2119 844 2154 lib.
856 2121 891 2154 6.

100 2166 351 2204 Matrimonium
381 2179 485 2204 autem
506 2169 600 2204 etiam
610 2165 650 2202 de
670 2165 809 2214 praesenti
831 2165 894 2202 sine

101 2217 275 2254 concubitu
310 2231 376 2253 non
409 2218 525 2254 dicitur
558 2217 796 2253 matrimonium
827 2229 893 2266 quo

100 2267 139 2304 ad
160 2267 323 2314 proprium
338 2271 370 2302 &
383 2266 512 2313 plenum
535 2265 743 2314 significatum
753 2292 763 2309 ,
777 2277 839 2313 cap.
856 2279 893 2304 ex

96 2317 220 2364 publico.
233 2317 272 2355 ά*
283 2316 321 2351 ibi
338 2317 421 2364 gloff.
435 2319 529 2353 iunao
542 2327 602 2361 cap.
616 2327 652 2350 ex
662 2323 754 2361 parte.
770 2318 803 2351 de
824 2329 895 2353 con-

99 2365 172 2413 vers.
185 2367 297 2412 coniug.
314 2376 376 2411 cap.
389 2367 524 2402 debitum.
541 2367 574 2399 de
586 2367 693 2412 bigam.
707 2375 767 2412 cap,
774 2366 800 2413 si
809 2370 889 2412 quis.

101 2413 262 2462 27.'quaest.
272 2415 300 2450 ὲ..
315 2417 474 2461 capmln'm.
490 2417 545 2450 28.
555 2427 625 2460 quae.
641 2425 670 2447 1·
675 2413 737 2460 fao.
757 2418 775 2450 l.
787 2428 820 2452 ea
834 2429 892 2462 qua

97 2463 135 2512 ff.
147 2466 184 2500 ad
201 2465 354 2509 municipa.
368 2463 495 2513 nostien.
507 2465 619 2511 instem.
630 2464 663 2498 de
669 2463 759 2511 spons
757 2491 765 2500 .
778 2467 816 2505 όν
828 2479 892 2502 ma.

103 2515 224 2550 niman.
238 2524 350 2549 numer.
364 2525 415 2560 32.
437 2522 532 2549 corn.
543 2512 635 2559 confil-
653 2515 729 2559 248.
746 2519 847 2552 cotum.
862 2527 892 2560 3.

105 2564 176 2598 libr.
198 2561 365 2599 2.Cliass‘a.
380 2563 418 2598 ad
429 2562 587 2610 consuetud.
610 2564 755 2608 Burgund.
779 2567 842 2601 rub.
858 2578 890 2612 4.

104 2613 135 2655 §.
165 2616 197 2648 6.
221 2623 332 2648 numer.
352 2618 406 2648 26.
427 2611 532 2648 dicens
558 2612 795 2649 matrimonium
822 2627 894 2651 ante

106 2659 250 2708 copulam
262 2662 314 2697 effe
326 2661 432 2698 habitu
446 2687 457 2705 ,
471 2661 521 2698 sed
531 2674 597 2698 non
610 2662 689 2696 ιιᾶιι.
710 2674 776 2710 quo
798 2667 893 2712 perti·

106 2723 160 2748 net
178 2711 337 2760 quod‚vt
363 2710 405 2747 Vl
430 2713 516 2748 ianus
546 2712 588 2747 ait
600 2712 661 2746 inl.
680 2726 705 2748 ι.
719 2715 751 2759 ξ.
762 2715 840 2751 hinc.
856 2715 894 2761 ff.

105 2762 139 2797 de
159 2761 248 2807 instit.
267 2763 302 2800 (γ
316 2763 371 2798 iar.
395 2723 528 2798 riiaris&
547 2759 687 2799 soeminae
711 2764 893 2813 coniugatio

105 2812 344 2846 matrimonium
367 2810 534 2860 appellatur
545 2826 556 2846 .-
570 2816 602 2847 &
616 2811 705 2859 quod
721 2825 801 2849 vxor
819 2827 892 2864 pro-

104 2859 171 2909 prie
198 2859 262 2895 dici
286 2873 350 2895 non
367 2861 482 2910 polilt,
502 2859 557 2897 nifi
581 2873 651 2910 quae
670 2863 808 2899 traducta
831 2864 894 2900 est:

88 2913 179 2946 *cum
191 2923 227 2945 ex
242 2911 352 2945 Seruio
363 2937 374 2957 ‚
388 2914 521 2947 Donato
533 2914 584 2956 ,&
598 2910 666 2947 alii-s
673 2910 802 2948 sciamus
813 2927 892 2950 vxo-

105 2971 172 2994 rem
201 2960 308 2995 mariti
332 2961 431 3008 postes
451 2959 540 3007 adipe
567 2974 679 3010 vngere
701 2967 732 2999 &
758 2963 891 3001 oblinire

104 3007 199 3043 solere
211 3033 222 3049 ,
236 3019 327 3056 atque
351 3010 422 3047 inde
434 3021 550 3046 nomen
562 3010 673 3047 ducere
683 3038 695 3057 ‚
715 3012 798 3061 quasi
812 3028 894 3050 vxo-

106 3066 183 3094 rern.
206 3061 250 3093 Et
276 3057 348 3092 hinc
375 3062 468 3096 Diuae
489 3060 631 3108 Virginis
653 3063 890 3101 matrimonium

106 3106 222 3142 dicitur
252 3121 317 3143 non
329 3107 412 3146 suisse
433 3108 603 3158 perse-&um
623 3122 689 3158 quo
714 3112 753 3147 ad
774 3111 894 3162 fignifi-

108 3157 259 3192 cationem
275 3183 286 3202 ‚
296 3168 327 3193 vt
339 3160 401 3195 dixi
411 3162 513 3207 ciaepits
523 3172 643 3197 manzer.
660 3165 691 3196 6.
706 3161 798 3198 libra.
813 3167 894 3200 huius

111 3209 202 3251 operis
222 3209 365 3244 Praeterea
397 3211 489 3246 verba
521 3209 708 3246 statutorum
732 3214 752 3234 *
780 3215 895 3262 accipi-

109 3255 189 3293 enda
211 3254 278 3291 sunt
291 3255 375 3294 iuxta
400 3271 600 3296 communem
627 3258 714 3298 vsum
733 3260 894 3311 loquendi,

950 280 970 312 l.
993 281 1148 326 sciendum.
1164 281 1202 327 ff.
1232 285 1265 318 de
1277 289 1370 375 affl.
1396 288 1476 323 edic‘i.
1491 293 1511 324 l.
1534 291 1738 337 liberorum.§.

951 332 1027 386 quod
1048 340 1143 366 tamen
1165 336 1278 380 Cassius
1301 366 1304 370 Α
1356 338 1477 383 'bigloffi
1498 337 1579 384 ffide
1595 343 1684 388 legat.
1711 355 1740 387 3.

951 389 1038 434 cnpit.
1062 393 1226 426 quanquam
1241 397 1272 419 2.
1291 385 1495 432 quaestioqdn
1522 398 1583 434 cap.
1596 405 1658 427 cum
1679 393 1739 427 ini·-

951 436 1018 464 tiat.
1035 431 1153 475 §.iuxta
1165 433 1230 469 hac.
1245 446 1297 478 27.
1308 435 1403 481 quast.
1416 449 1446 472 2.
1463 439 1618 486 Matthefil.
1634 445 1665 476 in
1685 454 1740 476 no-

952 485 995 510 ta.
1012 485 1066 522 96.
1085 482 1286 527 infinssarwl
1308 497 1338 520 m
1350 488 1370 521 l.
1383 498 1406 520 1.
1419 488 1577 534 inprincip.
1589 490 1624 537 ff.
1638 491 1739 538 defuis

951 530 988 565 (γ
1001 531 1081 575 legit.
1096 532 1125 564 in
1136 536 1158 567 l.
1172 532 1284 577 Labeo,
1296 538 1416 570 column.
1436 547 1463 572 2.
1479 537 1673 584 desuppellec‘b.
1696 543 1739 575 le-

945 587 1012 621 gat.
1029 582 1078 613 ml
1116 590 1172 613 non
1180 579 1308 617 dubium.
1331 587 1472 620 columna.
1487 598 1512 630 3.
1529 594 1564 622 C.
1577 592 1736 636 delegibus.

950 629 987 663 ὠ·
999 631 1057 663 inl.
1063 629 1186 674 frugem.
1195 629 1235 675 ff.
1249 632 1282 666 de
1295 635 1370 668 verb.
1390 633 1495 680 finific.
1507 637 1575 673 abb.
1587 642 1617 673 in
1627 650 1688 685 cap.
1705 655 1736 677 z.

949 677 1009 730 eod.
1021 681 1066 711 tit.
1080 679 1117 717 ὠ*
1129 681 1159 713 in
1172 690 1232 726 cap.
1239 678 1357 727 fanone
1364 683 1543 730 for.con1pet.
1559 690 1589 721 in
1596 688 1650 734 fin.
1661 696 1739 723 Car-

948 725 1005 759 dm.
1019 729 1091 762 min.
1106 732 1232 764 clemen.
1244 742 1279 764 ne
1291 734 1320 766 in
1337 736 1452 779 .1gr0.§.
1467 735 1588 781 praefatae
1596 738 1736 784 ,qtiaest.5.

948 773 1056 820 destat.
1070 779 1198 812 monach.
1213 782 1299 817 felin.
1313 783 1343 815 in
1360 793 1465 828 prooem
1487 785 1590 822 decret.
1606 789 1635 821 in
1643 791 1738 831 princ.

948 827 1049 879 colnm.
1065 826 1209 873 gafulgos.
1221 829 1298 876 cons.
1321 843 1395 877 119.
1414 840 1584 878 Propomtur
1593 838 1664 881 qnod
1674 844 1740 873 Fre-

948 874 1053 927 dencus
1067 900 1076 916 ,
1091 881 1248 914 colummlt.
1263 887 1365 918 Cuma.
1379 882 1474 928 confit.
1491 889 1553 929 146
1561 889 1666 921 ,Simon
1681 894 1741 922 He—

948 924 1016 977 lias.
1042 927 1322 972 colum 4.Alexand.
1335 932 1432 978 confit.
1456 944 1529 978 140.
1548 935 1614 971 libr.
1637 944 1669 978 5.
1686 943 1740 971 So-

948 982 1009 1006 ctn.
1019 974 1104 1020 consil
1110 989 1194 1024 ,235.
1205 980 1341 1017 cotum.2.
1357 986 1457 1018 colum.
1472 995 1504 1019 2.
1518 986 1552 1023 όν
1575 984 1654 1031 cons.
1666 997 1737 1023 102.

948 1022 1049 1059 colum.
1067 1027 1146 1069 3.lib‚
1164 1029 1294 1073 3.socin.
1309 1036 1382 1075 Nep.
1402 1031 1478 1079 cons.
1493 1044 1621 1068 Ionum.
1637 1046 1670 1077 9.
1684 1039 1737 1074 lib.

950 1083 980 1125 ²5
998 1075 1044 1107 At
1056 1088 1096 1109 ex
1114 1075 1169 1112 vsu
1195 1077 1328 1124 vulgaris
1348 1079 1497 1117 stermonis
1518 1095 1600 1119 vxor
1613 1088 1644 1118 δι
1659 1079 1738 1122 ’τηε-

953 1132 1030 1157 ritus
1063 1138 1127 1161 non
1151 1126 1239 1161 aliter
1260 1128 1478 1178 intelliguntur
1487 1144 1579 1180 quam
1592 1134 1740 1171 consum·

949 1181 1038 1208 mato
1058 1177 1263 1211 matrimonio
1290 1193 1297 1213 :
1321 1181 1410 1216 antea
1433 1180 1560 1228 sponsus
1581 1189 1612 1220 &
1632 1183 1737 1233 sponffi

948 1222 1202 1277 appellanturm
1226 1225 1342 1271 ostendit
1355 1238 1421 1266 Dec.
1437 1232 1511 1278 cons.
1535 1244 1612 1280 540.
1629 1239 1737 1283 Qniri-

948 1278 995 1324 tnr
1006 1284 1037 1307 m
1058 1271 1156 1321 effectu
1168 1300 1179 1316 ,
1194 1286 1223 1310 n.
1238 1289 1271 1322 7.
1284 1278 1357 1325 vers.
1369 1285 1405 1314 ft
1415 1281 1510 1316 adhoc
1526 1283 1612 1329 facit.
1636 1289 1738 1321 Acce-

948 1321 996 1354 dit
1007 1321 1067 1357 huc
1077 1325 1165 1372 quod
1180 1326 1222 1379 *in
1237 1325 1327 1363 rebus
1338 1328 1456 1365 odiosis
1467 1355 1478 1373 ,
1500 1333 1589 1380 quale
1601 1333 1643 1369 est
1655 1334 1736 1372 istud

948 1368 1096 1407 statutum
1122 1400 1133 1419 ‚
1159 1375 1332 1422 cingendus
1351 1393 1417 1414 non
1442 1379 1571 1419 habetur
1592 1396 1649 1429 pro
1669 1386 1738 1422 cin-

948 1420 1014 1476 ᾂο.
1036 1425 1120 1476 poll.
1138 1425 1211 1459 add.
1223 1427 1242 1458 l.
1256 1437 1313 1470 qua
1334 1438 1432 1464 contra
1440 1428 1475 1474 ff.
1488 1431 1520 1463 de
1530 1434 1613 1478 legib.
1629 1439 1737 1483 Atque

948 1468 996 1506 his
1005 1472 1135 1518 quidem
1157 1477 1348 1520 argumentis
1359 1481 1397 1513 ad
1415 1488 1477 1523 cap.
1494 1491 1505 1512 1
1517 1507 1524 1515 .
1537 1481 1633 1528 verfic,
1650 1489 1737 1530 Qae-

947 1532 979 1555 ro
999 1521 1034 1555 de
1056 1520 1166 1569 constit.
1188 1524 1231 1558 ait
1253 1526 1388 1565 Anchar.
1408 1528 1557 1565 statutum
1580 1531 1598 1565 ὲ
1624 1532 1739 1569 succes-

948 1566 1034 1626 sione
1071 1583 1233 1620 parentum
1264 1572 1362 1612 filiam
1397 1589 1526 1625 nupt-arn
1556 1581 1738 1630 excludens,

947 1632 980 1656 in
990 1633 1024 1656 ea
1033 1632 1102 1667 quae
1125 1635 1178 1670 per
1199 1623 1289 1660 verba
1309 1626 1350 1662 de
1374 1627 1511 1676 praesenti
1532 1642 1655 1668 tantum
1675 1633 1738 1669 du-

946 1672 995 1705 Cta
1005 1669 1046 1704 est
1073 1685 1128 1707 nec
1148 1674 1275 1720 cognita
1295 1674 1403 1712 locum
1429 1690 1493 1714 non
1520 1678 1736 1718 haberezvtid

940 1720 1071 1764 sequitur
1092 1728 1183 1755 Panor
1196 1723 1324 1771 ,cons.1.
1337 1727 1410 1773 cons.
1424 1740 1454 1771 7.
1470 1731 1602 1772 Qatuor
1627 1731 1736 1775 suntin

940 1767 995 1814 fin.
1011 1769 1048 1806 ό·
1071 1771 1147 1818 cons.
1162 1773 1269 1817 79.Iib.
1289 1785 1319 1808 1.
1332 1786 1364 1808 ac
1378 1779 1408 1811 in
1429 1777 1458 1813 d.
1473 1787 1536 1821 cap,
1559 1782 1642 1815 tertio
1661 1785 1734 1816 loco.

947 1817 1085 1854 Rursum
1106 1821 1190 1856 idem
1213 1821 1349 1858 Anchar.
1372 1826 1446 1873 cons.
1470 1838 1522 1870 19.
1544 1841 1671 1876 poenam
1696 1829 1740 1866 fi-

945 1866 994 1924 liae
1026 1869 1167 1906 aduersus
1189 1870 1386 1910 voluntatem
1406 1888 1566 1923 parentum
1604 1881 1736 1917 nubenti

945 1917 1121 1965 impositam
1133 1946 1144 1965 ‚
1163 1922 1260 1958 tradit
1283 1937 1347 1959 non
1365 1926 1531 1974 procedere
1550 1930 1582 1964 in
1607 1944 1641 1966 ca
1663 1944 1733 1979 quae

945 1966 1048 2015 nupfit
1062 1993 1073 2011 ,
1086 1969 1220 2006 necdum
1242 1971 1318 2008 vero
1345 1978 1468 2024 nuptias
1488 1977 1729 2018 consummauit.

943 2018 1004 2054 Sed
1017 2024 1048 2053 &
1064 2021 1142 2054 Dec.
1156 2021 1309 2068 c.d.confil.
1322 2027 1439 2071 540.in
1448 2026 1503 2062 hac
1514 2027 1574 2076 ipsa
1582 2028 1678 2078 specie
1687 2045 1735 2067 rc-

948 2068 1098 2117 spondit,
1124 2070 1272 2107 statutum
1295 2086 1333 2108 ne
1352 2078 1400 2111 vir
1420 2079 1511 2113 vxori
1537 2078 1640 2127 leget,
1666 2096 1734 2119 non

944 2120 1061 2168 porrigi
1071 2120 1110 2156 ad
1124 2132 1189 2155 eam
1200 2147 1211 2166 ‚
1233 2134 1303 2170 quae
1317 2137 1380 2161 non
1390 2124 1451 2164 fuit
1472 2129 1598 2176 cognita
1608 2160 1618 2176 ,
1631 2130 1680 2168 vel
1691 2132 1734 2169 ad

944 2169 1078 2204 domum
1089 2172 1190 2207 mariti
1203 2171 1350 2208 tradueta.
1498 2211 1501 2215 ,

989 2222 1064 2266 Ego
1091 2220 1157 2256 lane
1192 2221 1230 2256 ad
1257 2222 1389 2259 nostram
1421 2228 1624 2275 quaestionem
1642 2228 1733 2278 quod

945 2270 1058 2304 attinet
1095 2295 1104 2311 ,
1145 2270 1350 2308 existimarem
1386 2275 1402 2312 Τ
1432 2278 1530 2326 priori
1570 2280 1731 2316 sententiae

944 2320 1048 2367 potius
1093 2320 1345 2368 acquiescendum
1378 2323 1433 2360 effe
1464 2353 1475 2372 ,
1509 2332 1541 2363 &
1581 2329 1730 2366 statutum

946 2369 1083 2411 nostrum
1116 2371 1148 2405 in
1169 2384 1203 2407 ea
1225 2396 1237 2414 ,
1259 2385 1330 2421 quae
1354 2387 1407 2423 pet
1426 2377 1519 2413 verba
1538 2377 1578 2414 de
1608 2378 1731 2428 presen-

943 2421 968 2455 ti
994 2417 1172 2466 desponsata
1192 2421 1235 2456 cst
1256 2448 1268 2466 ,
1301 2423 1393 2459 etiam
1423 2438 1496 2462 ante
1524 2429 1732 2466 concubitum

942 2467 991 2505 seu
1013 2469 1243 2507 traductionem
1272 2474 1338 2508 vim
1356 2473 1438 2510 suam
1463 2477 1618 2517 obtinere.
1640 2479 1731 2524 Qiid

942 2520 1026 2554 enim
1044 2517 1066 2555 fi
1098 2521 1225 2557 maritus
1258 2522 1392 2560 necdum
1416 2524 1455 2560 ad
1485 2528 1731 2565 consummatio-

944 2581 1015 2605 nem
1054 2571 1248 2617 matrimonij
1270 2570 1307 2609 lit
1325 2572 1395 2610 satis
1416 2574 1526 2612 firmus
1551 2603 1562 2620 ,
1583 2577 1632 2615 vel
1660 2577 1730 2625 ipib

942 2618 996 2654 die
1016 2621 1192 2668 nuptiarum
1215 2622 1248 2656 in
1269 2623 1418 2659 morbum
1441 2626 1557 2662 incidat
1580 2652 1591 2668 ‚
1616 2628 1730 2664 mulier

942 2666 1018 2704 vero
1053 2670 1160 2705 multis
1182 2669 1341 2718 obstquiis
1366 2676 1396 2707 &
1428 2672 1588 2711 blanditiis
1622 2689 1729 2715 amore

942 2715 998 2753 suo
1007 2717 1164 2754 ardentem
1178 2745 1189 2763 ,
1205 2732 1327 2755 nouum
1338 2723 1497 2768 maritum,
1510 2724 1549 2760 ad
1561 2724 1728 2774 legandum

942 2769 1163 2816 excitet,atque
1184 2767 1379 2807 inflammet}
1395 2772 1491 2808 Certe
1514 2776 1591 2811 noui
1612 2772 1728 2823 mariti,

944 2817 1097 2866 praecipue
1117 2818 1200 2854 senes
1223 2824 1254 2855 &
1280 2818 1496 2870 valetudinarij
1517 2825 1596 2872 quid
1629 2839 1729 2875 quan..

944 2867 1238 2916 tumquevxoribus
1259 2869 1440 2919 indulgeant
1461 2898 1471 2916 ,
1493 2874 1634 2911 [oamde
1658 2880 1729 2913 Ne-

943 2917 1019 2971 uiza.
1037 2920 1066 2952 in
1073 2915 1128 2968 syl.
1140 2921 1253 2964 nuptia.
1269 2919 1351 2957 testis
1363 2921 1405 2958 est
1419 2934 1563 2971 perquam
1577 2922 1724 2974 locuples.

941 2965 1031 3010 Qud
1057 2966 1131 3002 item
1155 2967 1176 3003 si
1199 2971 1328 3006 maritus
1357 2971 1464 3008 valido
1488 2973 1615 3021 quidem
1638 2976 1726 3013 lano-

941 3021 1001 3065 que
1011 3014 1047 3051 sit
1060 3017 1273 3066 corpore‚sed
1295 3020 1345 3056 vel
1360 3021 1397 3056 ad
1421 3023 1727 3070 repentinumhostis

942 3064 1120 3109 incursum,
1135 3068 1183 3104 vel
1194 3068 1231 3104 ad
1253 3068 1342 3106 aliam
1374 3071 1507 3120 aliquam
1528 3071 1727 3114 subditariam

942 3114 1131 3152 occasionem
1144 3144 1155 3161 ,
1174 3131 1273 3154 vxore
1296 3119 1439 3156 nondum
1458 3123 1583 3170 cognita
1594 3137 1646 3162 aut
1663 3138 1728 3163 tra·

942 3166 1035 3202 dueta
1047 3167 1078 3201 in
1102 3166 1285 3217 longinquas
1297 3170 1461 3219 religiones
1475 3173 1641 3211 mittatur?
1652 3179 1724 3212 Hu-

944 3215 1079 3269 iusmodi
1105 3216 1229 3252 casusin
1249 3218 1326 3254 aulis
1348 3221 1528 3270 Principum
1548 3223 1630 3260 inter
1651 3238 1726 3276 pro-

943 3277 1024 3302 ceres
1056 3266 1140 3303 viros
1164 3267 1256 3303 etiam
1285 3266 1351 3317 ipso
1375 3269 1427 3306 die
1457 3273 1639 3322 nuptiarum
1667 3275 1724 3311 ali-

1229 3319 1260 3353 E
1277 3330 1294 3354 e
1308 3330 1325 3353 e
1340 3331 1354 3365 3
1618 3324 1745 3371 quando

1771 1882 1786 1897 Q

1822 261 1875 291 Q
