2052 3562
507 184 699 222 NAvrAE
717 189 922 227 ,ewra
970 177 1324 226 suburanam

105 248 322 301 plum'‚·‘quod
333 260 439 286 contra
448 247 583 298 singulos
604 249 738 286 vtilitate
757 247 881 296 publica

105 300 293 350 rependitur.
310 300 402 337 Sic&
415 312 523 336 eorum
537 299 581 335 fili
585 314 596 347 J
607 302 661 348 qui
683 300 834 335 violentas
847 303 881 336 in

106 353 275 402 principem
302 362 413 386 manus
423 352 642 391 coniecerunt,
666 351 761 386 etiam
788 350 881 385 inno-

106 413 209 437 centes
230 400 342 449 absque
351 400 437 449 culpa
460 402 641 447 puniuntur.
657 399 763 434 Subest
778 411 881 435 tamen

75 463 78 467 ·
106 451 191 487 causa
201 475 212 494 ‚
226 463 261 487 vt
275 449 414 487 filiorum
424 450 527 486 saltem
540 462 644 484 amore
653 449 692 484 ab
720 451 882 487 huiusmo-

107 501 140 537 di
153 500 317 537 sceleribus
329 499 381 547 alij
407 501 635 541 deterreantur,
648 501 717 533 Alci.
729 502 759 534 in
771 501 791 535 l.
805 502 883 534 aliud

106 550 238 599 estfraus
250 550 339 598 infide
346 549 526 596 verbfigni.
540 550 691 595 Quintiis
703 551 744 584 ita
769 562 806 584 ue
818 550 878 584 du—

107 614 176 638 rum
190 606 222 637 &
234 601 274 637 ab
287 601 374 637 omni
386 601 526 635 Prae'toris
547 600 737 635 humanitate
768 599 882 634 lienum

107 651 206 687 videri
219 647 393 698 poffit‚fine
408 650 495 698 culpa
518 662 641 685 nautam
662 650 763 698 puniri
778 664 786 684 :
802 647 885 685 causa

108 712 214 737 tamen
223 699 321 736 subest
335 700 428 736 lucin
455 711 544 736 textu
559 713 611 749 per
628 700 748 748 ulpian.
771 696 884 748 allega-

106 763 160 798 ta,
173 753 260 800 quod
281 763 378 799 genus
399 750 460 785 hoc
484 751 649 785 hominum
662 762 696 785 vt
714 748 883 798 plurimum

109 801 349 850 impurissimum
362 800 416 835 esse
425 798 518 836 soleat
527 824 538 842 ‚
550 811 684 848 quorum
701 799 884 845 improbita-

110 863 173 888 tem
186 851 329 898 reprimi,
353 851 488 886 maxime
501 849 677 898 reipublicae
692 848 824 885 interesse
836 851 883 883 vi-

111 901 253 939 debatur.
273 904 389 936 Vtrum
402 910 504 937 autem
526 899 565 934 de
576 897 641 934 casu
652 898 786 935 fortuito
809 913 885 935 nau-

112 965 152 989 tae
163 975 173 995 ,
185 962 335 999 caupones
344 955 375 985 &
388 949 524 986 stabulari
529 950 539 996 j
553 962 714 986 teneantur
725 976 735 991 ,
747 950 815 986 sunt
825 950 878 998 qui

110 1000 256 1037 hocloco
269 995 459 1036 tradiderunt
471 1026 481 1044 ,
501 998 641 1035 albericus
651 1002 686 1038 (φ
698 1001 747 1044 alq‘
752 999 891 1036 ,Eorum

110 1063 214 1088 autem
226 1051 337 1098 opinio
359 1049 492 1086 inualuit
506 1051 560 1095 qui
571 1051 745 1097 negatiuam
768 1062 884 1099 partem

109 1099 204 1138 secuti
221 1100 302 1137 sunt.
314 1103 393 1141 Quae
403 1101 487 1135 enim
507 1098 645 1135 fortuitis
665 1097 781 1136 casibus
803 1102 885 1136 acci-

110 1151 190 1187 dunt
203 1175 214 1192 ,
226 1163 326 1199 quum
337 1150 494 1198 prouideri
505 1163 568 1184 non
583 1149 696 1197 poffint
709 1163 718 1185 2
730 1149 747 1184 ὲ
762 1153 886 1186 nemine

109 1202 241 1250 praestari
254 1201 370 1236 debent
381 1226 391 1242 ,
402 1199 422 1235 si
434 1214 497 1235 non
508 1198 673 1247 specialiter
684 1202 750 1236 eius
759 1213 886 1249 quoque

110 1249 280 1300 periculum
292 1248 460 1298 susceptum
480 1247 516 1285 fit
528 1278 536 1291 ‚
548 1253 568 1284 l.
583 1261 639 1295 qua
645 1250 773 1301 fortuitis
783 1277 794 1296 ‚
806 1257 841 1285 C.
856 1251 886 1284 de

105 1301 364 1348 pignor.a6l·.Q1is
375 1312 477 1336 autem
489 1298 680 1335 amiffionem
694 1302 821 1347 probare
831 1300 887 1334 de-

113 1350 184 1387 beat
194 1375 204 1392 ,
217 1353 349 1386 nautane
359 1352 414 1399 qui
427 1363 490 1385 rem
511 1349 643 1385 amiffam
654 1349 748 1386 asserit
761 1375 772 1394 ‚
781 1364 819 1384 an
831 1364 887 1386 ve-

112 1401 181 1436 &or
189 1401 243 1448 qui
254 1412 317 1435 rem
328 1402 363 1435 &
385 1412 500 1435 merces
515 1400 646 1447 repetit,
657 1399 676 1434 ὲ
697 1399 805 1435 multis
815 1413 888 1434 exa-

114 1451 222 1487 minari
236 1449 311 1486 solet
328 1475 338 1491 ,
349 1451 561 1484 communiter
586 1456 688 1485 tamen
710 1448 887 1486 conclusum

111 1499 210 1536 video
220 1525 231 1544 ,
248 1499 440 1549 probationis
461 1497 679 1534 difficultatem
707 1499 740 1534 in
754 1511 886 1536 'nautam

111 1548 252 1590 transire,
270 1562 332 1584 non
344 1546 444 1583 solum
464 1549 681 1590 iureiurando,
696 1547 744 1584 sed
759 1548 889 1585 manife-

112 1599 163 1635 stis
176 1599 446 1647 probationibus,l.
463 1597 489 1644 fi
503 1600 783 1634 creditor.d.tit.l-Iac
794 1600 888 1635 nimi-

111 1648 180 1684 rur'n
193 1650 312 1687 ratione
326 1672 336 1689 ,
349 1647 436 1695 quod
460 1649 490 1681 in
505 1649 541 1681 iis
561 1659 629 1695 quae
643 1661 706 1684 non
729 1660 889 1686 mutantur

108 1695 210 1735 solum
221 1701 372 1746 temporis
385 1696 470 1732 cursu
485 1721 495 1740 ,
506 1697 703 1745 praesumptio
714 1698 788 1733 iuris
802 1697 836 1734 lit
848 1711 888 1735 ex

109 1751 266 1798 praeterito
280 1760 420 1795 tempore
433 1748 466 1781 in
483 1745 609 1794 praesens
623 1751 657 1791 ,Ι
671 1745 731 1792 fiue
739 1749 887 1794 posszdetis,

111 1798 186 1836 ade
195 1797 476 1845 probanpraesertim
492 1799 523 1832 in
545 1809 634 1831 nauta
648 1798 700 1845 qui
717 1810 756 1833 ex
766 1810 888 1835 contra-

61 1879 62 1885 ,
108 1848 164 1885 stu
173 1846 215 1884 est
224 1846 392 1894 obligatus,
405 1851 436 1882 &
448 1847 512 1882 iure
526 1847 659 1883 aetionis
671 1858 775 1883 tenetu
781 1860 805 1885 r.
815 1850 888 1883 Ma-

111 1895 217 1934 nifeste
229 1907 332 1942 autem
345 1897 543 1944 probationes
553 1909 642 1932 erunt
650 1909 689 1932 ex
703 1898 782 1932 circu
788 1898 889 1934 nstan-

111 1947 166 1995 tijs
178 1944 383 1993 ,confessione
404 1947 493 1994 partis
503 1958 567 1982 rem
587 1944 718 1982 amiffim
733 1946 890 1984 confiten-

111 2000 174 2036 tis:
190 1996 280 2034 testes
292 2021 302 2039 ‚
314 2001 345 2031 &
359 1996 404 2032 his
415 1994 533 2032 similia.
544 1998 594 2031 Sic
608 2003 709 2033 autem
726 1998 758 2033 in
784 2010 892 2046 genere

99 2046 240 2097 ⁴probata
260 2046 424 2083 amissione
443 2071 454 2088 ‚
479 2057 546 2082 vter
580 2045 690 2083 debeat
710 2047 798 2095 quod
819 2048 890 2083 reli-

112 2109 212 2148 quum
223 2096 264 2132 est
278 2096 482 2144 probare‚non
495 2097 630 2132 omnino
644 2094 720 2132 male
730 2099 890 2146 quaeritur:

115 2148 262 2185 veetome
288 2146 412 2194 culpam
424 2156 538 2191 nautae,
549 2159 586 2182 an
601 2145 675 2181 vero
688 2159 778 2183 nauta
789 2147 890 2183 casum

115 2195 286 2234 fortuitum
313 2197 324 2231 2.
353 2183 433 2231 Sane?
453 2209 576 2232 nautam
598 2195 697 2232 casum
721 2195 891 2234 fortuitum

111 2245 241 2297 probare
253 2244 363 2281 debere
375 2271 385 2289 ‚
408 2245 616 2294 argumento&
641 2244 732 2282 simili
744 2248 890 2284 conuinci

113 2297 253 2334 videtur.
277 2299 306 2331 Is
320 2294 403 2331 enim
413 2297 466 2344 qui
477 2296 521 2331 ob
544 2307 644 2342 capras
655 2295 733 2332 male
754 2297 893 2334 custodi-

111 2358 163 2383 tas
175 2345 293 2382 liberari
306 2347 382 2391 petit
394 2372 403 2389 ‚
417 2346 544 2392 probare
553 2344 646 2380 debet
672 2345 806 2382 latrones
820 2373 830 2389 ‚
843 2361 893 2383 ca-

115 2408 185 2446 pras
199 2420 210 2440 ,
218 2395 293 2431 citra
306 2395 388 2433 suam
408 2395 544 2430 fraudem
555 2394 691 2442 abegisse,
699 2393 741 2442 Lfi
752 2396 894 2443 quisfun-

116 2447 193 2482 dum.
208 2447 240 2492 ξ.
254 2450 407 2490 Imperator
419 2444 475 2491 inf.
489 2448 572 2484 locat.
587 2448 611 2479 C
618 2457 744 2481 aeterum
756 2445 893 2494 plerique

113 2494 252 2541 aliter,1n
267 2494 287 2535 d
301 2492 343 2539 lfi
358 2495 476 2529 creditor
487 2518 497 2534 ,
509 2491 642 2530 sentiunt
656 2520 667 2537 ‚
677 2507 787 2543 nempe
796 2495 832 2533 ad
846 2509 894 2532 re·

112 2555 269 2595 petentem
282 2556 344 2578 rem
373 2542 455 2577 suam
475 2542 585 2579 doli&
609 2543 710 2593 culpae
734 2546 895 2592 probatio..

117 2607 188 2633 nem
208 2589 341 2629 tranfire.
359 2596 431 2640 Ego
455 2593 586 2640 priorem
610 2592 788 2630 sententiam
812 2594 895 2643 sequi

120 2644 226 2682 malim
237 2668 248 2687 ,
261 2642 302 2676 ita
326 2655 430 2677 tamen
448 2669 456 2681 ,
469 2646 503 2678 v't
518 2645 624 2678 vestor
634 2656 699 2679 rem
726 2643 807 2679 suam
820 2645 895 2681 iuste

118 2705 250 2741 repetere
262 2691 356 2738 poffit
376 2703 499 2735 ‚contra
510 2704 602 2739 quem
627 2705 717 2728 nauta
742 2695 898 2743 excipien-

119 2742 164 2781 do
174 2741 343 2784 amiffionis
355 2740 485 2776 modurn
510 2740 652 2782 assumere
662 2742 754 2780 debet
768 2768 778 2784 ,
791 2746 822 2780 in
833 2756 898 2793 quo

118 2792 249 2842 quidem
259 2816 269 2834 ‚
282 2788 304 2825 si
317 2791 483 2837 reperiatur
492 2790 572 2826 casus
589 2791 667 2827 mere
679 2790 828 2829 fortuitus
843 2819 852 2833 ‚
865 2798 897 2828 ἅτ

121 2843 176 2893 qui
191 2841 314 2889 culpam
338 2839 406 2875 inse
426 2839 604 2887 regulariter
625 2841 811 2887 nonhabet,
829 2841 901 2878 satis

123 2891 338 2935 etitexceptio
359 2900 457 2925 nautae
470 2887 608 2927 fundata.
623 2893 699 2927 Non
720 2894 802 2927 enim
814 2892 901 2928 suffi-

119 2941 181 2979 ciet
192 2938 279 2988 quod
293 2936 377 2974 furto
396 2938 515 2975 omiffis
538 2940 593 2976 effe
609 2953 721 2977 merces
744 2943 900 2989 exceperit

129 3003 240 3034 nauta,
252 2987 342 3024 sedin
369 2990 568 3035 proponenda
589 2992 792 3038 exceptione,
808 2990 901 3030 addat

121 3039 238 3089 aliquas
249 3036 319 3074 facti
340 3035 415 3073 furti
430 3038 730 3088 circunstantiasfflcr
739 3053 814 3088 quas
824 3053 903 3089 prae-

119 3088 330 3134 sumptionem
350 3086 447 3131 culpae
460 3086 520 3122 illis
544 3087 603 3124 fere
615 3087 728 3138 semper
752 3090 902 3126 inhaeren-

122 3150 188 3176 tem
201 3136 345 3173 excludat
355 3162 366 3180 ‚
378 3134 423 3181 [fi
433 3138 816 3184 vendita.infidepericuh&
828 3151 901 3174 com.

122 3190 166 3224 rei
181 3188 287 3222 vendit.
310 3190 388 3226 Quo
406 3184 471 3221 casu
505 3186 637 3223 liberum
663 3187 762 3225 adhuc
785 3190 903 3225 vectori

124 3238 183 3275 erit
195 3235 235 3271 de
246 3234 334 3282 culpa
349 3233 504 3278 replicare.

160 3302 161 3307 =
182 3287 266 3324 Nxsx
291 3297 322 3320 ει
349 3296 450 3330 Qu).
476 3284 554 3322 Vim
576 3285 678 3335 itaque
699 3285 849 3322 maiorem
869 3289 903 3322 &

1661 192 1728 233 825

931 262 1000 298 quae
1014 252 1173 299 praeuidtri
1189 264 1252 288 non
1263 249 1359 300 potest
1371 276 1383 296 ,
1393 249 1515 286 summo
1529 248 1592 286 iure
1600 249 1712 300 specia-

929 299 1017 345 liter,
1038 306 1069 335 &
1090 302 1134 337 ob
1158 308 1348 337 contractum
1372 301 1507 349 praestare
1518 301 1714 339 tenebantur.

931 354 1091 387 Caeterum
1117 351 1150 386 id
1169 363 1210 387 ex
1235 353 1379 399 aequitate
1401 348 1466 386 non
1476 348 1530 386 effe
1542 355 1713 389 Praetorar-

932 400 1060 436 biti-atus
1072 424 1084 442 ,
1106 403 1322 449 exceptionem
1346 401 1416 436 dare
1427 402 1599 438 constituit.
1612 403 1713 441 Fatale

931 451 1028 498 igitur
1039 451 1205 495 damnum(
1208 450 1294 500 quod
1305 449 1486 500 plerumque
1494 450 1538 487 ob
1547 451 1714 491 hominum

932 501 1212 548 peccatairrogatur
1222 525 1233 543 ,
1255 506 1285 535 δι
1301 501 1383 536 vnde
1399 513 1513 538 nomen
1528 502 1634 539 babere
1644 507 1711 540 exi.

934 552 1036 590 strmo,
1054 550 1119 584 Vide
1130 553 1201 586 Alci.
1211 553 1248 585 ad
1259 549 1313 596 l.fi
1321 561 1435 585 merces.
1451 552 1476 593 §.
1491 562 1531 587 vu
1543 555 1643 600 maior,
1652 554 1711 602 inf.

934 603 1018 635 locat.
1039 602 1070 633 in
1089 601 1140 635 tib.
1162 601 1332 645 praetcrmff.
1348 613 1376 634 2.
1391 603 1406 641 )
1429 599 1477 637 seu
1489 604 1554 638 vim
1564 606 1713 640 maiorem

935 663 988 685 eos
1000 649 1133 697 praestare
1146 651 1289 698 iniquum
1300 650 1353 686 est.
1374 649 1430 684 Est
1441 662 1543 687 autern
1559 654 1604 688 vis
1615 659 1713 691 maior

934 701 983 734 cui
996 697 1085 735 resisti
1100 713 1161 735 non
1173 699 1282 747 potest.
1296 702 1366 739 Qua
1377 701 1496 736 ratione
1506 700 1632 740 defendi
1643 704 1713 753 pos-

934 748 1205 790 seexistimauero‚
1233 747 1256 784 si
1273 749 1425 786 exercitus
1450 754 1622 798 praeteriens
1634 781 1645 800 ‚
1663 757 1715 792 seu

935 798 1147 836 hostis‘vrbem
1160 801 1192 835 vi
1206 811 1358 846 occupans
1369 822 1380 840 ,
1403 812 1448 835 tes
1460 800 1588 839 alicuius
1599 807 1631 839 in
1642 804 1715 841 hos-

935 851 1015 898 pitio
1033 847 1205 897 depositas,
1228 855 1259 884 &
1280 847 1355 884 fidei
1378 853 1522 898 cauponis
1548 855 1717 898 mandatas,

935 899 1114 935 abstulerit.-
1136 901 1264 936 minime
1287 900 1392 935 edieto
1412 911 1587 950 cauponem
1600 909 1716 942 teneri:

936 964 975 986 eo
986 950 1072 997 quod
1083 947 1210 986 refissere
1221 961 1285 986 non
1294 950 1443 998 potuerit,
1455 959 1559 999 Arg.1n
1567 956 1586 989 l.
1603 966 1638 990 ex
1647 968 1718 993 con-

935 1001 1026 1045 ducto,
1036 1001 1093 1034 eod.
1111 1003 1159 1036 tit.

984 1054 1120 1086 Romam
1154 1061 1267 1085 Mono.
1296 1052 1417 1086 Eorum
1438 1051 1538 1097 itaque
1550 1051 1694 1088 officium
1705 1077 1716 1095 ,

936 1112 993 1147 pro
1016 1103 1046 1136 in
1066 1097 1180 1134 facium
1201 1097 1565 1150 atstioneconscqitienda,
1582 1102 1719 1149 quiedi-

936 1152 989 1186 eto
1002 1150 1211 1191 continentur,
1223 1149 1411 1198 respicimus.
1427 1156 1587 1187 ssaeterum
1602 1151 1623 1185 fi
1637 1151 1717 1200 quid

936 1199 1176 1236 custodiendum
1203 1199 1241 1239 ab
1271 1200 1378 1248 aliquo
1389 1202 1575 1249 receperint,
1587 1214 1651 1251 non
1664 1199 1719 1238 sub

937 1251 1036 1297 officij
1062 1249 1239 1296 exercitijve
1260 1252 1387 1285 nomine
1405 1274 1416 1290 ,
1438 1250 1488 1286 sed
1519 1251 1719 1288 amicabiliter

937 1312 1058 1335 tantum
1073 1325 1084 1343 ‚
1107 1296 1139 1334 δί
1150 1307 1184 1334 vt
1198 1298 1348 1348 fimplices
1371 1299 1508 1349 meric‘lue
1528 1299 1718 1351 depofitarij:

938 1363 1002 1385 non
1015 1363 1053 1384 ex
1065 1349 1143 1384 dolo
1155 1355 1187 1393 ¹&
1202 1348 1289 1396 culpa
1300 1350 1389 1385 omni
1401 1374 1411 1392 2
1424 1348 1474 1386 sed
1486 1352 1639 1387 ordinaria
1650 1364 1720 1389 tan-

937 1410 972 1434 tu
1018 1399 1149 1446 depositi
1160 1401 1282 1435 afflone
1295 1400 1521 1437 conuenientur
1530 1427 1541 1445 ‚
1551 1404 1715 1439 Batauus.

938 1413 1037 1485 RvZa.
1054 1453 1087 1490 ά·
1099 1452 1201 1483 Albai.
1216 1450 1270 1483 hic.
1286 1452 1336 1484 Ex
1347 1461 1411 1496 quo
1428 1463 1492 1486 non
1505 1451 1721 1497 improbabili-

939 1510 984 1534 ter
997 1497 1095 1534 referri
1121 1498 1218 1546 porest
1229 1524 1238 1540 ,
1257 1499 1344 1546 quod
1356 1497 1376 1533 fi
1389 1499 1487 1534 ludex
1499 1502 1532 1535 in
1542 1501 1651 1536 officio
1663 1500 1720 1547 suo

936 1551 1083 1595 peccauit,
1099 1548 1246 1584 delicium
1257 1559 1359 1583 tamen
1372 1547 1409 1584 ad
1423 1550 1564 1585 officium
1579 1563 1642 1586 non
1654 1562 1724 1598 per-

939 1600 1034 1634 tineat
1047 1613 1055 1634 :
1068 1610 1100 1634 vt
1116 1612 1179 1634 non
1195 1610 1228 1634 vt
1243 1597 1336 1633 iudex
1351 1623 1361 1641 ‚
1386 1596 1436 1635 sed
1458 1611 1492 1637 vt
1502 1606 1638 1649 priuatus
1652 1614 1724 1637 tan.

938 1660 1006 1684 tum
1017 1649 1118 1695 puniri
1130 1647 1253 1684 debeat.

994 1700 1031 1736 Si
1031 1695 1242 1748 filiusfh.aut
1240 1695 1362 1749 fimus
1372 1698 1582 1752 receperin&
1593 1698 1723 1737 volun-

938 1757 1099 1807 raspatraje
1108 1753 1168 1791 vel
1173 1752 1305 1792 domim·
1316 1757 1554 1793 interuenerit:
1564 1757 1604 1794 in
1603 1754 1723 1808 sblidx'i

938 1811 1005 1847 crit
1015 1808 1264 1848 conueniendus.
1285 1810 1522 1863 Hemfisbruus
1529 1814 1725 1851 exercitore-

929 1863 1120 1920 surripuit,
1129 1866 1188 1903 vel
1194 1864 1359 1904 damnum
1368 1866 1479 1914 dedit,
1489 1868 1624 1907 noxalis
1635 1869 1724 1909 actio

940 1919 1068 1973 ceffabit
1081 1938 1093 1958 .·
1110 1925 1190 1975 quia
1214 1919 1253 1960 ob
1263 1932 1426 1976 receptum
1434 1923 1657 1978 dominusfho
1666 1939 1726 1965 no-

941 1982 1036 2017 mine
1056 1980 1279 2018 conuenietur.
1301 1981 1337 2018 Si
1359 1978 1441 2018 verb
1451 1979 1527 2032 fine
1545 1982 1726 2021 voluntate

937 2033 1168 2083 exerceant,de
1180 2034 1312 2089 peculio
1327 2034 1478 2078 dabitur.

1170 2144 1543 2179 SVMMARIA.

946 2239 970 2265 1.
987 2233 1070 2265 Ratio
1083 2232 1162 2275 legia.

946 2291 976 2313 ι.
988 2285 1086 2315 Facere
1096 2289 1145 2324 per
1159 2277 1189 2323 se
1200 2279 1243 2313 vel
1249 2287 1300 2323 per
1325 2281 1412 2316 alium
1422 2282 1496 2317 nihil
1506 2279 1627 2328 interest.

949 2340 977 2374 3.
992 2332 1069 2363 Δίὲὶο
1088 2330 1121 2362 de
1128 2330 1234 2372 peculio
1245 2329 1356 2371 quando
1368 2331 1459 2367 detur.

944 2390 978 2423 4.
992 2381 1113 2412 aelionis
1123 2378 1155 2410 de
1166 2377 1273 2421 peculio
1293 2381 1378 2413 ratio.

947 2439 977 2470 5.
989 2435 1073 2462 Pater
1081 2428 1112 2461 de
1121 2427 1227 2470 peculio
1240 2423 1369 2474 castrensi
1379 2440 1436 2463 non
1447 2437 1572 2464 tenuat.

945 2480 978 2511 6.
994 2479 1122 2521 leiamu
1146 2476 1324 2511 conciliatur.

946 2539 979 2571 7.
991 2528 1115 2573 Noxalis
1136 2526 1251 2560 aaronis
1271 2528 1327 2560 νέα.

990 2598 1021 2630 N
1065 2607 1220 2631 sotmvm
1265 2606 1554 2632 ςοΝνεΝιεΝονς.
1602 2597 1730 2634 Etenim

985 2645 1039 2692 qui
1064 2646 1105 2681 ita
1117 2659 1188 2680 cum
1213 2657 1302 2681 nauta
1316 2671 1327 2687 ,
1351 2657 1492 2692 caupone
1511 2669 1521 2689 ,
1543 2643 1706 2683 stabulario
1718 2673 1730 2690 ,

949 2692 1148 2733 filiofamilias
1160 2693 1208 2730 vel
1219 2693 1308 2729 seruo
1321 2692 1474 2729 contrahit
1484 2718 1494 2734 ‚
1512 2692 1608 2729 fidem
1625 2694 1732 2731 dorni·-

951 2746 984 2781 ni
996 2743 1043 2779 vel
1057 2745 1149 2791 patris
1157 2742 1240 2792 sequi
1251 2743 1374 2779 videtur
1382 2769 1391 2787 ,
1400 2742 1525 2789 lustum.
1547 2745 1690 2788 quodcum
1701 2758 1732 2781 eo

952 2796 999 2841 qui
1014 2798 1045 2828 in
1054 2795 1152 2840 alze.§.
1171 2809 1197 2830 ι.
1213 2796 1283 2831 Qua
1295 2796 1418 2829 ratione
1430 2794 1544 2828 mirum
1560 2793 1655 2829 videri
1668 2808 1732 2833 non
1779 2797 1785 2801 “

951 2842 1044 2880 debet
1056 2867 1066 2885 ,
1097 2840 1118 2878 si
1143 2841 1309 2878 insolidum
1327 2842 1345 2877 ἃ
1367 2842 1542 2879 νεᾶοτίὒυς
1573 2847 1734 2881 conueniri

953 2893 1077 2940 possint.
1090 2897 1146 2927 Per
1158 2906 1208 2928 me
1218 2894 1301 2927 enim
1313 2890 1360 2927 scu
1380 2905 1432 2940 per
1441 2891 1536 2928 alium
1549 2892 1626 2939 quid
1648 2892 1731 2930 fece-

953 2956 990 2977 ro
1001 2967 1011 2985 ‚
1024 2941 1100 2976 nihil
1112 2941 1245 2977 interesse
1253 2940 1492 2977 existimandum
1504 2941 1557 2986 est,
1565 2944 1584 2977 1.
1602 2952 1633 2977 1.
1647 2945 1678 2990 ξ.
1689 2946 1736 2979 de-

953 2991 1050 3037 ieciffl,
1066 2990 1121 3038 inf.
1136 2993 1167 3027 de
1177 2993 1207 3026 vi
1218 2994 1253 3030 ό·
1265 2991 1293 3025 vi
1305 3002 1379 3028 arm.
1397 2989 1556 3027 Caetetum
1572 2990 1591 3025 fi
1603 2989 1664 3028 sine
1675 3007 1736 3029 vo-

955 3041 1073 3077 luntate
1083 3043 1206 3076 domini
1220 3039 1266 3076 vel
1280 3040 1369 3088 patris
1381 3052 1540 3076 exerceant
1550 3065 1560 3081 ,
1580 3040 1621 3075 de
1643 3055 1736 3090 pecu-

955 3090 1000 3126 lio
1012 3089 1133 3125 tautum
1144 3091 1227 3126 aetio
1246 3089 1382 3126 dabitur.
1403 3090 1464 3126 Sed
1486 3091 1626 3136 quamuis
1636 3092 1676 3128 de
1722 3111 1738 3121 -

956 3138 1043 3175 culio
1055 3138 1177 3176 tanturn
1192 3139 1315 3175 aetion&
1324 3137 1389 3174 dari
1404 3138 1578 3175 dixerimus
1588 3165 1599 3184 ‚
1612 3141 1664 3177 vbi
1675 3104 1738 3178 sirie

956 3187 1120 3224 voluntate
1130 3201 1239 3224 eorum
1261 3191 1293 3224 in
1315 3201 1448 3236 quorum
1470 3187 1618 3236 potestate
1642 3189 1712 3227 sunt
1726 3215 1739 3233 ,

955 3237 1145 3274 contrahunt
1159 3261 1171 3279 ‚
1195 3237 1330 3274 dubium
1343 3249 1446 3274 tamen
1460 3251 1523 3274 non
1533 3239 1576 3274 est
1586 3263 1597 3283 ,
1616 3242 1692 3289 quin
1703 3244 1737 3276 δε

955 3300 1066 3324 eorum
1086 3299 1211 3338 quoque
1222 3285 1428 3325 intercedente
1440 3285 1604 3326 voluntate
1614 3315 1626 3332 ,
1640 3290 1678 3325 de
1688 3301 1742 3337 pe-

1660 3339 1746 3374 culio

1735 427 1787 453 ΙΙ.

1735 662 1789 699 ηζ
