2052 3562
222 188 300 226 DF„
331 189 805 226 TESTAMENTIS
856 187 1199 226 CONIVGVM
1241 189 1348 224 LIB.
1395 189 1423 225 1.

198 289 201 292 ⁴
244 276 452 312 CAPVT
500 278 626 312 XLIII·

74 363 248 416 Vtrum
278 364 387 415 alter
414 384 466 415 ex
506 364 772 435 coniugibus
796 362 848 415 fi-

151 434 250 487 mul
264 435 451 497 testatis,
464 435 585 484 suam
603 434 854 505 dispofitio·

152 524 261 555 nem
275 523 482 555 reuocare
496 505 637 573 possit.

281 621 642 653 SVMMARIA.

81 721 95 750 ι
102 735 113 747 .
140 712 277 745 Coniunx
286 708 481 756 testamentum
495 717 557 742 cum
567 718 630 743 cum
639 705 856 754 coningefaeh‘i,

171 772 226 807 pro
233 761 287 808 sua
295 767 525 807 parte,reuocare
534 756 633 804 potest.

78 829 114 852 2.
134 810 341 856 Testamentum
352 807 371 842 a
381 805 599 852 duobusfaeium
610 834 619 851 ,
636 805 663 850 fi
675 807 748 841 alter
759 817 856 842 eorum

164 865 307 898 moriatur
317 885 326 900 ‚
339 861 371 893 in
381 859 436 891 eius
448 854 564 890 tannim
574 857 650 892 bonis
658 855 802 904 firmatur.

79 926 111 962 3.
131 914 280 948 Reuoraeio
298 907 457 955 testamenti
477 917 534 951 qua
552 909 663 941 caritela
670 907 755 952 posszt
766 916 857 952 impe*

169 965 236 999 diri.

76 1026 112 1062 4.
139 1012 326 1059 consentiens
349 1007 435 1042 alteri
448 1004 619 1050 facultatem
641 1005 674 1039 de
703 1004 780 1039 bonis
797 1004 856 1051 suis

173 1054 528 1111 difioonendi‚peraquefibi
537 1052 778 1103 praiudicat,acfi
789 1065 859 1089 con-

169 1111 291 1160 senfiffet
301 1113 331 1144 in
344 1106 530 1142 contrabium.

79 1172 114 1210 ς.
137 1170 223 1198 Pater
235 1173 275 1196 an
295 1155 451 1203 consentire
466 1154 545 1199 posstt
555 1155 619 1202 filio
630 1179 641 1199 ,
663 1162 697 1189 vt
708 1156 859 1190 donetrem

159 1212 244 1259 suam
255 1213 350 1246 alten.

79 1266 114 1299 6.
135 1263 278 1297 alienatio
288 1260 398 1306 quando
403 1260 549 1306 prohibita
559 1257 634 1290 inter
642 1261 757 1300 patrem
771 1253 809 1291 ό·
815 1251 858 1298 fi-

171 1314 255 1348 lium.
696 1333 699 1336 >

80 1372 115 1407 7.
138 1363 307 1397 contractus
320 1371 359 1394 an
368 1359 451 1405 possit
463 1356 564 1404 inferri
585 1352 760 1401 testamento.

80 1414 114 1448 8.
141 1410 304 1458 consentiri
313 1419 439 1443 coniunx
457 1407 570 1451 coniugi
583 1416 639 1438 non
658 1401 747 1448 potest
758 1427 768 1444 ‚
784 1408 815 1435 vt
827 1402 862 1436 de

177 1461 303 1502 omnibus
311 1457 370 1505 suia
384 1458 461 1491 bunia
473 1450 629 1503 indistincte
639 1452 779 1498 disponat.

81 1522 104 1557 9
143 1504 297 1556 consenfiu
313 1507 448 1553 expreffus
462 1507 576 1552 quando
593 1502 767 1548 neceffarius.

84 1572 138 1596 10.
153 1562 299 1594 furacius
311 1558 352 1591 ius
363 1568 402 1592 an
414 1565 555 1600 competat
574 1557 599 1588 ei
621 1552 833 1599 consanguineo
847 1575 858 1591 ‚

120 1646 122 1648 ,
174 1613 223 1655 qui
236 1608 391 1643 venditioni
403 1605 550 1651 adsum&
559 1605 663 1638 tacuit.

83 1669 97 1693 ι
106 1673 118 1696 1
126 1686 136 1697 .
151 1655 306 1704 consensus
316 1655 454 1700 expreffus
466 1667 505 1689 an
525 1656 686 1699 requiratur
698 1652 800 1693 cimae
809 1662 859 1686 cu-

174 1710 216 1743 iiu
232 1719 262 1741 re
269 1709 340 1742 alius
350 1704 481 1752 testatur.

85 1769 137 1796 12.
152 1763 259 1792 Tacens
271 1753 542 1801 quandoeonftntim
558 1754 698 1789 videatur.

84 1814 136 1854 ¹3·
148 1812 267 1842 Vocatus
279 1814 309 1840 vt
320 1801 484 1851 confirmat,
497 1813 548 1840 aut
560 1804 739 1837 contradicat
749 1798 791 1845 ‚fi
802 1809 858 1845 po-

171 1854 364 1903 steaprasens
380 1862 486 1899 taceat,
499 1866 537 1889 an
557 1853 696 1887 habeatur
715 1858 768 1893 pro
789 1861 859 1884 con-

173 1904 314 1953 sentiente
326 1905 338 1938 ἓ

87 1966 140 2002 14.
152 1961 292 1990 Reuocare
303 1964 354 1987 con
353 1948 463 1998 sensum
474 1963 529 1986 non
537 1948 624 1996 potest
633 1951 761 1985 coniunx
774 1974 781 1987 .
800 1961 858 1994 quo

170 2005 291 2050 prebuit
301 2001 473 2049 facultatem
484 2003 599 2046 conwgi
612 2003 644 2036 de
658 1997 802 2045 rebussuic
814 2008 858 2034 te-

165 2052 276 2100 standi.

173 2156 336 2189 Emceps
368 2149 409 2185 de
433 2148 632 2186 reuocatione
659 2147 859 2184 testamento-

175 2213 244 2238 rum
259 2200 472 2249 coniugalium
488 2210 691 2248 exequemur.
717 2199 784 2235 Vbi
795 2196 860 2245 pri-

27 2278 39 2290 .
82 2265 172 2290 mum
193 2249 338 2287 succurrit
365 2251 471 2288 videre
496 2277 507 2296 ,
529 2249 662 2297 poffitne
681 2249 702 2269 *
722 2248 799 2286 alter
819 2260 860 2283 ex

82 2300 272 2350 coniugibus
290 2312 493 2336 communem
515 2297 714 2336 voluntatem
731 2312 789 2347 pro
808 2295 859 2332 sua

82 2365 168 2403 parte
193 2354 362 2393 reuocare?
384 2355 429 2387 Et
448 2348 522 2384 esim
544 2347 619 2383 iuris
638 2348 788 2395 potestate
805 2346 860 2383 ha-

84 2403 214 2439 beantur
220 2400 289 2435 duo
310 2399 490 2436 testamenta
499 2425 508 2440 ‚
533 2396 662 2446 duoque
683 2398 838 2435 testatores
849 2423 860 2442 ,

85 2449 193 2499 vrfiep?
205 2452 327 2485 diximus
337 2473 349 2492 ‚
359 2464 424 2487 non
436 2448 571 2485 dubium
584 2447 639 2490 est,
646 2449 723 2495 quin
733 2451 858 2496 virique

84 2500 179 2537 libera
199 2497 327 2535 facultas
346 2498 384 2535 sit
403 2497 567 2535 reuocandi
588 2497 676 2545 quod
695 2497 857 2546 disposuit.

88 2557 137 2587 Ita
145 2550 246 2586 decidit
258 2555 316 2586 Do.
327 2550 394 2583 Old.
406 2551 439 2584 de
451 2555 540 2589 Ponte
559 2545 635 2593 cons.
651 2560 730 2594 ·¹74-
751 2551 789 2588 ὠ·
797 2560 862 2583 cum

89 2612 122 2636 eo
131 2602 259 2635 Roderic.
273 2607 387 2633 suarez
400 2600 436 2633 ad
445 2599 603 2643 Lquoniam
610 2599 642 2632 in
650 2599 788 2644 prioribus
801 2607 863 2643 cap.

90 2652 201 2696 incipie.
213 2647 322 2696 Qintii
334 2658 413 2684 num.
428 2660 479 2683 12.
490 2655 527 2682 C.
541 2648 574 2681 de
584 2648 684 2692 inoffic.
702 2646 861 2694 testament.

87 2698 181 2735 Nihil
191 2703 275 2734 enim
286 2709 434 2746 repugnat
446 2722 456 2739 ‚
470 2709 538 2743 quo
557 2696 660 2732 minus
679 2694 730 2732 hic
753 2696 863 2732 omnia

87 2750 153 2786 iura
164 2747 302 2785 militent
322 2770 334 2788 ‚
344 2758 412 2792 quae
424 2745 538 2782 volunt
550 2758 615 2795 non
624 2743 705 2794 posse
717 2749 863 2794 cuiquam

87 2797 199 2835 auferri
211 2797 342 2833 liberum
353 2795 498 2844 supremae
507 2795 676 2833 testationis
685 2795 862 2831 arbitrium:

89 2848 267 2885 cuiusmodi
279 2846 322 2882 est
342 2845 419 2882 illud
447 2845 615 2895 percelebre
635 2858 674 2880 ex
687 2844 708 2880 l.
730 2849 812 2881 1.C.
826 2845 866 2881 de

91 2896 196 2935 sacros.
210 2895 328 2934 Eccles.
341 2900 372 2932 δι
391 2893 471 2931 illud
494 2894 583 2944 quod
605 2896 692 2932 aiunt
715 2896 868 2943 interpre-

91 2959 138 2985 tes
151 2974 162 2992 ,
183 2947 396 2984 donationem
409 2942 518 2981 saetam
528 2946 560 2982 in
570 2946 699 2993 poenam
713 2947 867 2981 mutatio-

93 3000 142 3035 nis
153 2996 328 3035 testamenti
341 3010 406 3033 non
422 2994 531 3040 valere,
543 2996 636 3031 etiam
649 2995 791 3031 iuratam.
806 3001 869 3029 Ca-

88 3045 541 3094 stren.confi.55.incipien.Dico.
557 3047 590 3084 (5
605 3043 697 3090 consil.
713 3056 769 3088 99.
780 3047 867 3088 incip.

97 3096 368 3132 Notandumaeom.
380 3094 462 3140 confi.
477 3097 594 3130 6o.11b.
609 3107 641 3129 2.
655 3095 773 3129 Oldrad.
787 3092 872 3140 consi.

104 3150 180 3182 160.
190 3146 278 3179 Titius
290 3145 423 3180 condidit.
437 3145 573 3178 Alexand.
588 3143 674 3186 1ib.9.
684 3143 775 3190 consil.
795 3147 869 3186 156.

101 3196 184 3229 Nam
198 3203 287 3241 turpe
310 3193 352 3229 est
362 3195 498 3230 omnino
521 3194 643 3240 paetum
655 3217 668 3235 ,
689 3204 755 3239 quo
765 3190 814 3226 illa
824 3202 871 3226 te-

101 3241 197 3278 standi
210 3267 221 3286 ,
239 3242 494 3279 testamentumue
506 3241 648 3279 mutandi
661 3240 782 3278 libertas
795 3254 873 3277 con-

101 3291 259 3340 stringitur
269 3317 279 3335 ,
290 3291 470 3339 Lfifratres,
487 3295 519 3338 ξ.
531 3293 606 3329 'aem
619 3290 768 3340 respondit.
776 3290 809 3338 ff.
818 3300 872 3338 pro

889 255 979 301 fhcio.
990 254 1162 301 Lstipulatio
1174 253 1226 288 hoc
1234 250 1366 297 mocimff.
1377 253 1411 287 de
1420 253 1495 290 verb.
1510 254 1597 300 oblig.
1608 257 1639 289 &
1651 251 1675 291 fi

894 303 1090 342 consistamus
1101 305 1134 338 in
1145 303 1263 339 finibus
1285 303 1404 339 vltimae
1424 303 1615 352 voluntatis,
1625 316 1675 340 te·

896 355 990 391 stator
1012 368 1079 390 non
1099 352 1198 402 potest
1215 351 1272 389 fibi
1295 351 1396 402 legem
1420 354 1581 402 imponere
1601 383 1610 397 ‚
1631 367 1672 391 ne

897 407 992 440 animi
1005 405 1048 440 sui
1060 400 1245 440 sententiam
1255 415 1370 439 vertere
1380 404 1537 451 integrum
1549 402 1673 441 habeat.

896 455 942 500 Lfi
956 460 1014 500 quia
1026 458 1055 490 in
1065 456 1206 499 principio
1219 452 1422 500 testamenti,&
1435 453 1474 488 ibi
1485 453 1674 500 Batoi-fficio

895 508 985 550 legat.
1002 519 1033 552 3.
1047 501 1191 540 Profe6to
1203 502 1296 539 nimis
1308 504 1443 539 dubium
1454 503 1508 546 est,
1519 502 1609 551 quoa
1622 504 1672 539 su-

897 555 1006 602 perstes
1019 553 1121 602 potest
1135 565 1277 588 reuocare
1288 566 1328 588 ex
1341 564 1426 600 parte
1437 551 1498 588 sua.-
1511 554 1583 601 quia
1590 553 1672 590 alio-

897 606 975 652 quin
984 602 1006 639 si
1019 604 1086 640 duo
1097 602 1266 644 testentur,
1278 606 1310 638 &
1324 604 1399 638 alter
1410 615 1571 644 moriatur,
1585 605 1674 640 testa-

898 656 1059 693 mentum†
1071 655 1101 690 in
1112 651 1204 700 ipsius
1215 653 1308 688 bonis
1319 652 1548 688 tantummodo
1560 651 1674 689 firmari

898 704 1160 751 constat,1,falsa.§
1171 701 1583 750 finffdecondir.&demonft
1596 704 1672 750 Lfin,
1710 699 1721 716 '⁵

899 756 927 796 §.
935 754 952 795 f
956 757 1033 793 lium.
1033 754 1106 800 ffide
1115 756 1301 799 lega.2.Q1a
1309 752 1349 788 de
1357 751 1424 796 re‚s1
1436 752 1601 800 vsquamin
1611 757 1677 790 iure

900 804 1007 840 nostro
1016 833 1026 851 ‚
1049 803 1173 840 certem
1186 802 1206 838 l.
1219 804 1349 838 Lucius.
1365 805 1398 850 ξ.
1414 804 1498 838 Caio
1508 803 1581 839 Seio
1594 803 1625 840 ff.
1636 803 1676 840 ad

898 852 1223 892 Trebel.luculentutn
1234 852 1412 900 exemplum
1421 865 1538 899 extat,v
1544 853 1575 890 bi
1587 854 1677 890 testa-

900 915 951 951 tor
964 905 1096 941 instituit
1114 902 1238 939 haerede
1248 905 1366 938 Caium
1376 904 1481 940 Seium
1495 906 1527 938 in
1538 902 1650 940 semin}
1663 921 1676 946 ,-

901 955 1024 991 Titiam
1033 956 1068 989 in
1076 953 1292 1002 quadrantffi&
1307 955 1349 990 ita
1360 955 1453 990 cauit:
1467 952 1560 1000 [fidei
1572 955 1678 991 vestrae

899 1004 1016 1042 mando
1024 1030 1036 1050 ‚
1047 1004 1108 1040 Cai
1118 1004 1181 1047 Sei,
1192 1007 1224 1038 &
1236 1004 1376 1040 LuciaT
1378 1005 1435 1040 itia
1443 1028 1454 1047 ,
1465 1006 1511 1040 vti
1522 1003 1590 1052 post
1599 1005 1677 1042 obi·

899 1066 968 1092 tum
982 1056 1119 1091 vestrum
1140 1052 1296 1094 reddatis,
1320 1053 1483 1090 restituatis
1504 1055 1621 1101 Titio,
1641 1060 1677 1092 δε

899 1106 1088 1153 Sempronio
1110 1102 1256 1139 semissem
1281 1103 1484 1152 patrimonij‚
1505 1109 1538 1140 &
1552 1106 1680 1154 portio.

897 1157 947 1191 nis
959 1157 1044 1199 eius,
1065 1166 1160 1202 quam
1187 1153 1280 1189 vobis
1291 1154 1404 1202 dedi.]
1430 1155 1571 1192 Decidit.
1586 1159 1615 1192 Ι.
1628 1159 1676 1192 C:

897 1203 1019 1253 quodsi
1045 1205 1143 1239 Caius
1162 1203 1251 1240 Seius
1272 1202 1437 1240 desanaus
1459 1203 1529 1241 esset
1542 1232 1553 1248 ,
1577 1206 1677 1242 Lucia

897 1257 989 1292 Titia
999 1253 1120 1291 haerede
1141 1253 1281 1289 instituta
1291 1278 1303 1297 ‚
1327 1253 1395 1290 haec
1408 1256 1504 1290 Lucia
1515 1257 1607 1290 Titia
1618 1256 1677 1293 sta-

901 1307 962 1342 tim
983 1316 1139 1345 teneatur,
1161 1314 1197 1339 vt
1218 1315 1338 1351 partem
1358 1303 1523 1340 dimidiam
1548 1303 1677 1341 semiffis

901 1368 941 1391 ex
950 1353 1076 1404 persona
1087 1352 1149 1400 Seij
1161 1352 1297 1389 restituat
1312 1368 1320 1388 :
1346 1365 1445 1402 neque
1468 1366 1603 1390 mortem
1613 1356 1679 1391 eius

901 1403 1126 1454 expestandam
1144 1400 1307 1451 respondet
1321 1416 1330 1438 ι
1344 1401 1400 1440 nifi
1423 1404 1531 1452 quoad
1559 1415 1680 1451 partem

901 1454 996 1491 suarn'.
1021 1450 1186 1490 Caeterfim
1222 1453 1373 1501 quoniam
1405 1450 1582 1502 frequenter
1604 1454 1682 1491 iusta

903 1504 1006 1555 aliqua
1028 1504 1115 1540 causa
1138 1501 1393 1538 testamentorum
1424 1505 1505 1540 inter
1534 1505 1683 1554 coniuges

903 1558 924 1578 *
938 1555 1175 1592 renotationem
1183 1552 1280 1589 euerti
1300 1551 1425 1599 suadet,
1448 1553 1680 1602 dispiciendum

902 1605 945 1641 est
958 1633 967 1648 ,
992 1617 1071 1640 num
1092 1601 1261 1652 quomodo
1271 1601 1343 1640 huic
1355 1605 1399 1638 rei
1407 1603 1565 1650 prouideri
1575 1616 1682 1654 queat.
1700 1607 1729 1643 3·

905 1658 990 1691 Nam
1003 1653 1079 1702 saepe
1091 1666 1156 1689 non
1166 1651 1208 1687 de
1217 1650 1316 1688 nihilo
1336 1655 1466 1689 maritus
1488 1667 1612 1691 veretur
1632 1668 1684 1696 ‚ne

903 1718 985 1743 vxor
997 1715 1124 1739 reuocet
1145 1701 1233 1737 suum
1245 1702 1462 1738 testameutum
1479 1726 1489 1744 ‚
1513 1715 1547 1741 vt
1558 1702 1580 1740 fi
1593 1705 1626 1738 in
1637 1702 1684 1740 fa-

904 1767 1013 1792 uorem
1035 1752 1256 1789 communium
1282 1751 1453 1788 liberorum
1475 1749 1591 1791 faEtum
1615 1751 1651 1790 fit
1667 1769 1680 1791 .-

904 1805 1019 1854 quibus
1033 1815 1070 1838 vt
1083 1813 1135 1849 per
1150 1800 1294 1838 secundas
1317 1814 1452 1838 matrum
1462 1806 1585 1852 nuptias
1598 1802 1684 1841 rnul-

904 1868 936 1892 ta
947 1854 1005 1891 alia
1018 1851 1222 1888 incommoda
1244 1850 1356 1888 adferri
1375 1851 1497 1895 solent,
1520 1856 1564 1891 ita
1586 1855 1682 1891 etiam

904 1904 966 1941 hoc
979 1903 1118 1945 accedit,
1138 1900 1226 1950 quod
1247 1914 1358 1938 matres
1375 1900 1582 1940 stcundorum
1605 1917 1686 1941 con-

905 1958 1017 2002 iugum
1026 1951 1187 1988 blanditiis
1209 1949 1299 1988 facile
1318 1950 1530 1996 inducuntur,
1554 1964 1591 1989 ut
1605 1953 1684 1990 vlti-

905 2017 970 2041 mas
1001 2002 1181 2038 voluntates
1202 2014 1275 2039 cum
1306 1999 1413 2038 fauore
1450 2003 1546 2052 prolis
1570 2005 1684 2050 prioris

906 2053 989 2091 thori
1007 2051 1131 2098 scriptas
1143 2064 1304 2089 reuocent.
1330 2052 1419 2087 Sicut
1438 2054 1523 2091 enim
1533 2053 1627 2091 multi
1638 2053 1686 2091 se·

906 2116 958 2140 nes
971 2100 1136 2139 iuuenibus
1156 2102 1313 2142 vxorculis
1334 2101 1455 2143 iunffl,
1473 2116 1523 2140 eas
1534 2115 1599 2139 non
1609 2104 1686 2142 dico

906 2154 1084 2200 deperiunt,
1100 2151 1150 2187 sed
1162 2150 1282 2198 prorsus
1293 2151 1451 2188 insaniunt
1462 2151 1565 2199 ,decifi
1574 2156 1684 2198 capell.
1737 2188 1739 2190 .

907 2202 1016 2249 Thalos.
1022 2201 1222 2249 {trecentesima
1228 2200 1401 2249 sexagesima
1405 2199 1502 2249 sexta,
1510 2206 1541 2238 in
1555 2203 1687 2247 addit&
1701 2210 1711 2218 ·

908 2252 1023 2298 affatim
1035 2257 1066 2285 N
1068 2255 1188 2287 euizan.
1202 2253 1232 2286 in
1241 2250 1321 2299 [ylua
1330 2252 1472 2297 nup.1ibro
1479 2251 1602 2298 secundo
1621 2262 1688 2298 cap·

907 2303 994 2347 incip.
1006 2303 1117 2346 amplia
1125 2302 1218 2347 primo
1228 2326 1239 2344 ,
1259 2312 1337 2337 num.
1353 2310 1387 2347 ς.
1401 2300 1444 2336 ita
1456 2306 1488 2337 δι
1498 2300 1606 2337 multae
1615 2314 1689 2340 mu-

906 2350 992 2387 lieres
1013 2363 1120 2399 parurn
1146 2347 1344 2386 confideratae
1357 2376 1368 2393 ,
1388 2353 1422 2402 3
1443 2351 1558 2387 amoris
1579 2352 1688 2400 impo-

907 2402 1005 2438 tentia
1021 2413 1109 2436 caecae
1120 2424 1131 2440 ,
1141 2397 1225 2436 bona
1237 2398 1288 2436 sua
1300 2401 1407 2436 omnia
1417 2423 1430 2441 ,
1454 2400 1523 2436 imo
1542 2404 1685 2450 priorum

907 2451 1080 2487 liberorum
1114 2451 1213 2486 vitam
1243 2448 1462 2500 posterioribus
1485 2453 1603 2488 maritis
1626 2450 1684 2486 ad-

909 2501 1103 2545 dicunt,l.lex
1112 2510 1181 2544 qua.
1195 2507 1231 2535 c.
1245 2501 1278 2535 de
1292 2500 1457 2537 admintut,
1471 2501 1687 2547 diximmsupra

911 2561 972 2597 cap.
981 2565 1006 2598 3.
1017 2552 1098 2585 huius
1109 2549 1186 2586 libri.
1197 2547 1375 2585 Consilium
1386 2550 1483 2597 igitur
1491 2549 1534 2584 est
1543 2576 1555 2594 ‚
1565 2560 1602 2584 vt
1610 2548 1687 2584 alter

911 2596 1084 2648 persuadeat
1107 2598 1194 2634 alteri
1217 2624 1229 2643 ‚
1247 2597 1315 2647 quo
1338 2600 1371 2634 in
1383 2610 1531 2634 euentum
1555 2611 1685 2635 reuoca-

912 2650 1010 2686 tionis
1044 2648 1217 2683 testamenti
1240 2673 1249 2686 .
1272 2646 1461 2696 particularia
1479 2645 1581 2696 aliqua
1604 2648 1688 2683 bona

914 2699 1013 2734 donet
1027 2696 1135 2733 iisdem
1144 2694 1204 2732 suis
1222 2694 1347 2738 liberis,
1371 2694 1441 2745 ipsis
1465 2694 1525 2732 hoc
1544 2696 1692 2744 stipulan-

914 2749 1000 2785 tibus
1018 2773 1030 2792 ‚
1050 2745 1101 2782 vel
1124 2746 1247 2782 notario
1271 2770 1282 2789 ,
1302 2745 1401 2782 aliaue
1419 2744 1547 2794 persona
1567 2746 1693 2794 publica

914 2810 1023 2834 eorum
1045 2796 1182 2831 nomine.
1204 2799 1289 2832 Nam
1309 2795 1382 2832 cum
1412 2798 1598 2844 promittens
1615 2797 1693 2832 reti-

918 2859 987 2883 neat
1011 2843 1066 2881 fibi
1078 2843 1135 2880 alia
1156 2845 1239 2882 bona
1261 2872 1271 2887 ,
1292 2845 1332 2881 de
1350 2846 1464 2893 quibus
1485 2845 1580 2884 libere
1593 2845 1694 2882 testari

916 2896 1019 2945 possit,
1032 2892 1161 2931 subsistit
1171 2894 1443 2931 donati0.13ald.in
1456 2898 1479 2930 l.
1485 2894 1636 2941 sancimus.
1650 2901 1690 2931 C.

919 2949 952 2981 de
965 2943 1044 2991 testa.
1052 2945 1176 2979 Albam
1188 2946 1282 2979 rahe
1295 2945 1329 2978 de
1338 2944 1540 2979 domantem
1552 2941 1613 2980 lat‘e
1619 2942 1697 2992 cons.

922 2997 1037 3039 293.&
1049 2999 1120 3027 Ioan
1135 2995 1256 3028 Dilelius
1270 2996 1300 3027 in
1312 2994 1432 3030 name
1441 3003 1503 3028 arie
1511 2991 1696 3038 testamini.

920 3045 952 3079 de
963 3040 1361 3088 mut:testam.caut.2mum.5
1370 3044 1431 3087 .qui
1442 3045 1478 3081 (2-
1488 3042 1695 3088 prmnissionem

922 3096 955 3129 de
973 3103 1031 3127 non
1051 3092 1202 3126 adimendis
1222 3094 1322 3137 legatio
1341 3092 1433 3126 valere
1454 3093 1509 3127 ait.
1531 3093 1694 3137 Quoniam

924 3141 1001 3179 vero
1015 3140 1057 3176 est
1069 3139 1195 3176 alterius
1209 3139 1271 3176 loci
1282 3140 1435 3185 inquirere
1445 3166 1456 3185 ,
1480 3140 1647 3188 quomodo
1660 3143 1694 3177 in

924 3189 1100 3228 vniuersum
1123 3188 1300 3226 testamenta
1319 3187 1378 3225 sint
1393 3189 1604 3233 -reuocabilia,
1647 3191 1698 3227 ui-

924 3239 1042 3289 busc'sue
1073 3252 1113 3275 an
1132 3238 1195 3275 hoc
1225 3239 1425 3276 cautionibus
1444 3239 1597 3277 Vtendum
1624 3203 1693 3275 iit:

927 3287 1128 3339 supersedebo
1140 3288 1202 3325 iilis
1213 3289 1363 3327 omnibus
1375 3290 1435 3326 buc
1444 3302 1530 3327 extra
1549 3288 1695 3326 ordinem

1620 3350 1697 3373 con-
