2052 3562
332 267 508 303 muniorem
527 265 713 313 opinionem
738 263 819 300 valet
843 262 993 299 statutum
1007 287 1018 305 ,
1037 260 1127 308 quod

334 329 424 365 pater
436 328 557 351 tenetur
571 314 689 351 soluere
712 315 916 362 pecuniariam
938 312 1128 348 condemna-

336 367 457 401 tionem
469 378 526 413 pro
539 364 658 401 delicio
670 363 715 400 fili
721 367 728 411 j
742 366 806 403 c.&
817 365 854 399 ibi
867 364 975 399 Ambo.
987 363 1025 400 ἐν·
1040 364 1088 404 alij
1099 363 1131 394 de

338 417 427 450 delict.
438 424 520 460 puer.
533 416 627 451 Albcr.
640 418 670 448 in
684 417 795 449 rub.C.
813 426 846 449 ne
868 415 944 459 Jlius
964 421 1017 458 pro
1034 421 1129 455 patre.

339 477 405 500 non
416 463 623 512 corporalem,
633 462 710 501 licut
721 464 802 499 valet
813 463 1007 499 contuetudo
1018 487 1028 506 ,
1042 459 1133 509 quod

339 514 415 551 villa
426 525 548 550 tenetur
559 527 616 562 pro
626 514 746 549 damno
762 518 795 549 in
816 515 925 549 itinere
944 514 962 547 a
978 511 1135 558 praedoni-

327 563 398 600 ·bus
409 576 551 613 accepto,
561 566 644 599 Bald.
657 565 693 599 ad
705 567 724 600 l.
738 565 771 598 de
784 563 922 610 quibuaff.
936 566 969 598 de
977 563 1059 608 legib.
1073 560 1133 595 hoc

340 626 445 650 tamen
454 615 575 650 ratione
587 626 652 649 non
661 626 740 650 caret
752 639 763 656 ‚
774 614 888 652 scilicet
900 626 936 649 vt
947 614 1020 647 ideo
1034 624 1134 646 maio-

340 675 405 700 rem
417 676 521 700 curam
532 669 563 699 δι
575 663 816 701 sollicitudinem
831 666 910 700 circa
936 662 1005 699 suos
1022 661 1137 696 liberos

339 718 372 750 &
385 713 573 750 domesticos
586 714 754 750 exhibeant
767 741 777 760 ,
799 713 911 750 melius
932 713 950 747 ἒι
973 714 1136 747 iuuentute

339 777 395 801 eos
407 763 529 800 institui
540 767 694 807 curent‚&
707 763 727 798 fi
745 764 821 813 quid
835 776 893 811 pro
906 762 964 798 illis
973 762 1134 804 soluerint,

339 817 373 850 in
384 814 569 859 successione
593 813 782 850 haereditaria
804 814 954 849 deducere
977 823 1136 859 poterunt.

339 865 421 900 Bald.
434 867 464 899 in
478 866 507 899 d.
521 865 540 898 l,
555 870 589 898 C.
604 864 721 909 nefilim
731 873 783 909 pro
792 872 887 910 patre.
898 863 1026 901 Salia&
1036 864 1086 906 alis
1100 861 1137 895 ad

341 917 363 950 1.
370 913 407 960 fi.
421 921 457 948 c.
467 913 501 946 de
518 910 605 958 const.
618 923 701 958 pecu.

427 982 707 1035 REGVLA
762 980 1061 1033 LXXXVII.

338 1090 592 1143 Infamibus
613 1107 749 1160 portae
765 1108 861 1159 non
876 1106 1056 1158 pateant
1070 1088 1136 1138 di-

621 1176 864 1231 gnltaturss·

340 1282 352 1305 1
363 1297 371 1306 .
395 1277 481 1307 Fama
492 1273 614 1307 hominis
621 1269 747 1316 pretiosa
758 1267 806 1315 est.

339 1333 373 1358 2.
397 1327 485 1357 Fama
496 1324 569 1355 bona
582 1332 632 1356 aut
648 1322 724 1355 mala
736 1316 861 1364 quidfit.
879 1357 881 1360 Α

341 1383 370 1418 3.
397 1371 523 1417 Infamia
537 1374 691 1415 quotuplex
693 1368 746 1414 fit.

338 1433 374 1468 4.
399 1420 528 1466 Infamia
535 1419 607 1467 fac‘tz
617 1430 670 1464 quo
685 1419 818 1463 refertur.

341 1483 374 1516 5.
399 1471 600 1512 Ampliatz'ones
620 1469 658 1502 ad
671 1470 743 1501 hanc
760 1467 898 1511 regulam.

337 1524 375 1556 6.
385 1516 468 1563 Testu
480 1521 603 1563 qualitas
618 1515 805 1561 confideratur
816 1524 939 1560 tempore
950 1513 1136 1560 depositionis.

339 1577 375 1616 7.
397 1569 533 1601 Rationes
546 1566 704 1601 dubitandi.

340 1621 375 1655 8.
401 1618 486 1651 Ratio
504 1616 655 1650 decidendi.

437 1702 635 1740 Elicatiffima
648 1716 694 1739 res
714 1701 756 1737 est
771 1699 851 1737 fama
863 1701 1015 1746 hominis‚·
1026 1703 1057 1735 &
1069 1712 1138 1748 quae

431 1752 505 1801 l'aepe
519 1754 695 1802 rubiginem
711 1750 832 1787 leuibus
843 1752 999 1788 contrahit
1012 1764 1053 1786 ex
1064 1763 1139 1785 cau6

346 1802 513 1849 fis‚†idec3
527 1814 562 1839 vt
583 1805 615 1839 in
636 1803 761 1840 alterius
781 1801 940 1837 infamiam
966 1815 1031 1836 non
1049 1798 1138 1835 facile

340 1856 487 1902 cuiquam
499 1853 688 1889 credendum
700 1852 742 1887 est
753 1866 761 1887 :
778 1854 820 1887 ita
831 1865 960 1902 quoque
974 1850 995 1887 fi
1011 1849 1137 1886 infamia

340 1917 444 1944 reuera
455 1916 611 1952 comperta
624 1904 666 1939 est
679 1928 689 1944 ,
711 1900 859 1938 infirmem
882 1902 900 1936 ὲ
920 1902 1074 1949 republica
1085 1913 1138 1948 pe-

309 1963 314 1969 ·
343 1955 428 1990 nitus
441 1967 554 1997 arcere,
573 1952 686 2003 eosque
703 1964 826 1987 tantum
839 1953 903 1988 eius
916 1952 1138 2000 gubernationi

342 2003 489 2040 adhibere
499 2004 628 2054 eiffpedit
641 2031 652 2050 ‚
665 2003 720 2051 qui
734 2015 799 2038 non
820 1999 922 2037 solnm
944 2003 1072 2048 priuatis
1090 2001 1140 2035 re'-

343 2053 408 2090 bus
421 2054 587 2090 traetandis
599 2080 610 2096 ‚
634 2053 836 2089 verumetiam
859 2051 993 2100 publicis
1004 2051 1140 2099 negotiis

288 2144 303 2154 ι.
341 2103 506 2152 gerendis,
530 2105 607 2139 circa
626 2102 783 2139 infamiam
796 2102 857 2150 apti
869 2100 959 2142 sunt,
976 2100 1089 2138 scilicet
1105 2112 1139 2136 vt

343 2152 467 2190 famofis
479 2159 510 2190 ὃς
528 2153 645 2189 notatis
660 2180 667 2193 ,
682 2165 762 2200 quos
782 2150 874 2186 scelus
889 2153 960 2187 vitae
972 2163 1025 2187 aut
1040 2151 1138 2198 turpi-

341 2204 426 2240 tudo
449 2205 614 2251 inquinat,
639 2207 671 2238 &
692 2215 772 2250 quos
792 2200 919 2237 infamia
938 2199 956 2235 ἒι
979 2201 1137 2236 bonorum

345 2267 434 2289 coetu
447 2254 582 2302 segregat
593 2279 603 2295 ‚
625 2253 787 2299 dignitatis
810 2262 905 2300 portae
921 2265 985 2286 non
995 2261 1116 2299 pateant
1129 2279 1137 2292 ‚

343 2306 368 2338 t.
378 2315 476 2348 neque.
488 2310 523 2337 C;
537 2305 569 2337 de
581 2304 714 2348 dignitat.
727 2304 778 2340 lib.
796 2313 842 2336 12.
856 2298 933 2338 sicut
955 2305 987 2336 &
998 2300 1089 2342 olim,
1102 2313 1137 2336 vt

339 2352 423 2387 testis
435 2352 477 2388 est
491 2352 694 2387 Modestinm
708 2378 718 2395 ,
737 2352 776 2385 ab
789 2351 917 2399 ingress‘u
927 2351 1016 2389 „vrbis
1030 2350 1137 2398 prohi-

331 2401 397 2440 biti
412 2399 547 2443 fuerunt,
559 2403 578 2435 l.
593 2399 643 2447 sed
652 2401 699 2447 etfi
710 2404 827 2436 milites.
840 2400 983 2448 §.scribit
996 2399 1137 2446 autemff.

338 2453 371 2485 de
386 2450 480 2497 excufi
492 2452 549 2488 tiit.
562 2455 592 2485 &
605 2449 715 2485 habere
723 2449 859 2497 aliquem
871 2448 1055 2497 proinfami,
1069 2462 1138 2487 tan·

337 2501 363 2535 ti
378 2500 534 2536 momenti
548 2499 664 2536 causam
679 2499 734 2536 esse
746 2499 905 2535 duxerunt
928 2512 1046 2536 veteres
1063 2524 1073 2541 ,
1099 2513 1135 2537 vt

336 2550 419 2586 inter
429 2549 649 2598 cognitionum
660 2562 769 2597 genera
781 2548 935 2585 iudicium
956 2549 996 2585 de
1009 2550 1138 2585 aestima-

340 2602 430 2635 tione
450 2600 659 2644 retulerint,l¹
680 2601 890 2646 cognitionum.
908 2597 944 2645 ff.
967 2600 1000 2633 de
1021 2611 1081 2635 var.
1098 2601 1135 2639 ές·

338 2650 483 2687 extraozd.
497 2652 607 2695 cognit.
623 2651 639 2688 †
653 2648 753 2685 Ροττό
764 2660 867 2684 autem
877 2674 888 2693 ‚
906 2647 982 2684 licut
995 2647 1074 2684 fama
1085 2648 1136 2685 seu

336 2698 500 2735 aestimatio
518 2699 656 2735 hominis
678 2699 762 2735 bona
772 2696 850 2734 nihil
861 2697 947 2733 aliud
957 2698 998 2734 est
1013 2724 1022 2743 ‚
1043 2711 1136 2747 quam

335 2746 434 2792 illaesae
455 2749 621 2798 dignitatis
644 2748 735 2785 status
757 2774 768 2792 ‚
792 2747 912 2796 legibus
937 2761 971 2784 ac
994 2749 1135 2785 moribus

335 2797 563 2844 comprobatus
575 2825 586 2842 ,
610 2796 678 2847 qua}
699 2813 738 2835 ex
748 2796 864 2834 delieto
877 2797 983 2833 nostro
995 2798 1136 2834 authori-

336 2854 401 2884 tate
411 2847 517 2896 legum
531 2859 586 2884 aut
596 2848 751 2885 minuitur
764 2859 816 2883 aut
838 2846 1051 2884 consumitur:
1066 2849 1093 2884 d.
1111 2850 1132 2887 l,

337 2900 525 2945 cogitionum.
546 2901 590 2934 ita
609 2896 741 2946 quoque'
749 2895 877 2933 infamia
891 2898 933 2937 est
944 2897 1018 2933 laesae
1032 2898 1139 2946 digni-

335 2950 408 2983 tatis
423 2947 649 2997 status‚legibus
663 2952 695 2984 δι
706 2947 848 2984 moribus
859 2948 1136 2995 reprobatus.Bart.

337 2999 413 3034 add.
425 3000 448 3034 l.
471 3007 495 3034 ι’.
510 3010 545 3032 ex
557 2997 821 3046 quib.caus.infam.
836 3000 992 3045 irrogatur.
1007 2997 1137 3036 †Variis
1160 3002 1165 3004 ’

284 3060 294 3070 ·
337 3057 442 3081 autern
464 3047 570 3082 modis
589 3046 716 3083 infamia
728 3048 801 3096 quis
813 3051 914 3083 notari
927 3047 1046 3095 potest,
1068 3048 1135 3082 iure

331 3093 447 3131 scilicet
458 3095 506 3130 vel
515 3096 608 3134 iacto.
622 3098 703 3134 Iuris
713 3109 843 3134 vocatur
851 3095 990 3142 infamia,
1008 3109 1077 3145 quae
1090 3097 1133 3130 ir-

337 3155 469 3193 rogatur
483 3145 573 3182 alicui
588 3152 654 3184 iure
667 3146 754 3184 ciuili
768 3145 815 3183 vel
827 3147 1001 3191 canonico,
1015 3143 1136 3183 tametsi

331 3190 416 3230 forte
433 3196 513 3241 apud
524 3195 626 3233 bonos
639 3197 724 3233 viros
748 3210 813 3233 non
833 3196 870 3235 fit
888 3207 1009 3246 grauata
1021 3197 1085 3231 eius
1097 3208 1135 3230 o-

331 3243 426 3290 pinio
442 3248 473 3278 &
488 3245 688 3285 existimatio.
705 3250 750 3284 Et
768 3246 829 3282 hoc
849 3246 978 3296 quidem
999 3243 1135 3294 duplici-

330 3303 380 3328 ter
399 3297 498 3331 :Vno
510 3294 613 3331 modo
623 3319 634 3338 ‚
647 3309 718 3333 curn
732 3296 855 3345 lexipsa
867 3322 878 3341 ,
892 3309 958 3334 non
968 3295 1113 3334 lententia
1124 3320 1135 3342 ‚

761 198 945 234 PETRI
997 196 1212 233 PECKII'
1260 195 1591 233 COMMENT.

1175 271 1239 293 rem
1252 256 1406 302 illicitam,
1418 271 1495 294 mox
1505 272 1600 309 atque
1609 257 1685 296 faeta
1700 263 1731 295 &
1745 260 1901 297 commissa
1913 252 1968 305 effi

1174 308 1299 344 damnat
1308 333 1319 350 ,
1336 308 1497 358 ipsumque
1510 311 1626 354 lactum
1640 322 1730 346 notat
1744 336 1756 355 ‚
1780 312 1883 354 idest,
1894 323 1968 347 curn

1175 359 1238 394 sola
1251 358 1325 406 legis
1336 358 1522 395 authoritate
1542 357 1669 403 infamia
1686 362 1873 396 nominatim
1885 359 1969 396 inflia

1178 411 1273 457 gitur,
1281 421 1380 457 neque
1394 410 1548 446 necessaria
1558 409 1756 446 estsententia
1765 412 1803 446 ad
1818 412 1878 445 hoc
1891 424 1927 447 vt
1936 425 1971 447 ea

1179 457 1354 506 infligatur.
1372 460 1460 495 Licet
1472 461 1554 495 enim
1565 473 1618 506 per
1628 459 1811 497 seutentiam
1821 461 1973 498 defletum

1179 508 1350 545 declaretur
1363 508 1538 555 :lanfamem
1550 509 1860 555 ffidepublic.indic.in
1872 513 1918 547 his
1928 523 1975 547 ta·
2010 511 2011 514 '
2041 501 2042 517 ³

1183 572 1253 594 men
1265 582 1276 600 ,
1288 560 1349 593 iam
1362 570 1433 594 ante
1444 559 1627 608 limulatque
1642 572 1712 607 quis
1719 561 1816 608 palam
1826 562 1975 610 deliquia·

1182 622 1220 643 ex
1232 607 1294 643 sola
1307 608 1547 656 deprehensione
1557 608 1680 645 infamis
1692 612 1745 655 est,
1756 624 1855 658 neque
1866 614 1899 648 in
1908 613 1952 647 eis
1962 635 1975 653 ‚

1183 658 1260 694 sicut
1273 660 1304 693 in
1316 661 1562 708 aliis‚requiritur
1572 659 1889 697 sementimmthtetas.
1897 661 1932 708 Ε.
1943 665 1978 697 de

1182 713 1224 742 his
1236 712 1283 753 qui
1293 718 1354 744 not.
1372 709 1465 757 itif.vt
1478 708 1499 744 {i
1509 712 1578 757 quis
1588 710 1627 745 ab
1640 712 1777 746 exercitu
1791 711 1977 760 ignominiae
1997 718 2001 722 '

1183 757 1268 793 caula
1278 758 1418 795 dimissus
1432 758 1467 796 sit
1477 784 1489 802 ‚
1512 759 1534 794 li
1544 762 1619 796 artis
1630 759 1755 796 ludicrae
1764 760 1849 798 causa
1859 762 1893 799 in
1905 761 1978 797 scae-

1185 821 1255 843 nam
1268 811 1440 855 prodierit,
1461 808 1617 845 ioculator
1636 807 1686 846 vel
1698 809 1978 859 praestigiatotfue-

1184 860 1225 893 rit
1238 874 1247 892 .·
1261 856 1282 892 li
1294 857 1486 895 lenocinium
1499 859 1617 906 fecerit,
1627 858 1648 896 fi
1661 862 1694 897 in
1703 856 1980 911 adulterioidepre'-

1184 907 1294 943 hernus
1305 906 1373 945 fiet.
1385 912 1433 948 μά
1447 911 1564 946 ti.Ali0
1576 909 1652 948 vero
1664 912 1850 955 modo‚cum
1861 908 1978 948 faetum
2011 950 2015 951 ⁷

1186 962 1218 992 δι
1233 957 1390 1004 personam
1402 972 1491 995 notat
1503 974 1567 995 non
1578 960 1641 1006 leit,
1650 960 1700 996 sed
1711 961 1860 998 sententia
1871 975 1881 996 ι
1892 961 1934 998 sic
1942 973 1979 998 vt

1183 1009 1210 1043 is
1223 1010 1351 1043 demum
1364 1009 1441 1045 hanc
1452 1009 1612 1046 infamiam
1623 1011 1727 1047 subeat
1744 1038 1752 1052 ,
1766 1013 1822 1059 qui
1832 1010 1968 1055 furtum,

1184 1059 1321 1105 rapinam
1331 1082 1342 1104 ,
1355 1061 1501 1095 iniuriam
1512 1081 1521 1103 ‚-
1534 1062 1644 1096 dolum
1656 1058 1764 1103 fecisse,
1778 1061 1932 1098 iudicatus
1945 1065 1980 1097 δε

1187 1111 1411 1155 pronunciatus
1420 1110 1479 1152 est,
1497 1114 1533 1144 ,δε
1556 1108 1696 1146 [imiliter
1714 1113 1747 1145 in
1757 1111 1824 1146 aliis
1836 1111 1978 1148 crimini-

1189 1157 1444 1203 bus.1udicatus,
1469 1161 1617 1207 inquam,
1638 1162 1765 1196 nomine
1776 1163 1906 1210 proprio
1916 1174 1982 1198 non

1184 1210 1297 1247 aliem,
1310 1207 1360 1243 vel
1371 1207 1425 1260 sup
1437 1235 1447 1254 ,
1457 1207 1506 1244 sed
1520 1223 1584 1244 non
1599 1209 1763 1258 appellauit
1774 1237 1785 1256 ‚
1794 1213 1867 1260 quia
1876 1209 1899 1246 fi
1911 1212 1984 1260 quis

1185 1257 1411 1293 condemnatus
1425 1283 1435 1301 ,
1454 1259 1470 1294 ὲ
1494 1258 1642 1296 sententia
1664 1258 1800 1296 infamiae
1811 1274 1982 1310 prouocet,

1186 1321 1252 1342 non
1272 1307 1403 1344 ha‘cetur
1423 1308 1547 1345 infamis
1570 1337 1578 1351 ,
1599 1322 1762 1358 antequam
1785 1325 1820 1347 ea
1831 1311 1983 1347 sententia

1185 1355 1423 1402 confirmetur‚l.
1424 1357 1500 1404 furti
1516 1362 1546 1406 ξ.
1559 1361 1585 1394 d.
1600 1362 1650 1396 tic.
1666 1365 1903 1410 Nonnunquam
1915 1362 1986 1409 quis

1187 1406 1224 1442 fit
1235 1405 1358 1443 infirmis
1370 1408 1496 1445 infamia
1508 1410 1582 1452 iuris
1594 1435 1603 1452 ,
1626 1423 1677 1458 per
1685 1408 1770 1459 quafi
1778 1409 1959 1448 sententiam
1974 1434 1987 1452 ,

1188 1456 1335 1493 videlicet
1349 1457 1370 1494 si
1381 1458 1414 1493 in
1424 1459 1544 1494 iudicio
1557 1459 1673 1496 crimen
1686 1459 1882 1503 confiteatur,
1894 1473 1947 1496 aut
1960 1459 1984 1506 fi

1186 1504 1274 1555 super
1287 1508 1404 1546 defiet)
1418 1512 1449 1543 &
1463 1508 1760 1546 conscientiadclieti
1774 1509 1988 1559 transegit‚nifi
2027 1537 2034 1542 -

1190 1562 1335 1593 Praetoris
1345 1560 1420 1594 iuffu
1433 1560 1537 1605 paetus
1547 1559 1829 1603 tuerit‚a.1.athtem
1840 1565 1875 1600 φ’
1889 1564 1988 1605 Lquo-

1187 1609 1264 1641 niam
1276 1611 1360 1643 emit
1384 1610 1444 1644 Sed
1457 1607 1562 1644 hocin
1574 1609 1720 1645 ciuilibus
1729 1612 1878 1658 negotiiS,
1891 1610 1941 1647 vel
1952 1611 1987 1648 in

1187 1656 1372 1693 criminibus
1385 1671 1450 1693 non
1461 1657 1497 1692 ad
1503 1659 1637 1693 modum
1648 1660 1805 1695 atrocibus
1814 1659 1921 1696 locum
1929 1658 1985 1696 iia-⁴

1189 1705 1260 1740 bere
1273 1707 1372 1753 potest
1384 1723 1393 1742 .-
1415 1708 1491 1755 quia
1500 1707 1619 1755 alioqui
1632 1708 1854 1756 confessionem
1865 1708 1987 1746 lenten-

1189 1757 1231 1791 tia
1245 1755 1495 1804 subsequitur,l.fi
1504 1757 1810 1806 confeffm‘fueritffde
1822 1758 1984 1806 custoseor'.

1189 1810 1218 1840 &
1236 1802 1298 1840 fine
1309 1819 1342 1841 ea
1351 1806 1407 1842 esse
1417 1819 1480 1842 non
1493 1808 1601 1856 potest.
1615 1806 1772 1847 'stnfamia
1782 1823 1887 1846 autern
1898 1809 1984 1855 faeti,
1996 1818 2035 1858 4⁴

1186 1855 1225 1891 ad
1238 1854 1408 1892 hominum
1427 1858 1611 1904 opinionem
1624 1857 1963 1905 potiffirnfimrefertur
1973 1882 1986 1902 ,

1189 1918 1224 1941 vt
1237 1918 1308 1940 curn
1322 1908 1393 1954 quis
1406 1908 1487 1953 apud
1513 1909 1616 1943 bonos
1629 1907 1796 1958 grauesque
1809 1912 1894 1946 viros
1905 1909 1986 1947 male

1185 1954 1293 1996 audit,
1318 1957 1390 1993 licet
1416 1955 1461 1991 illi
1481 1957 1499 1992 ὲ
1515 1958 1580 1994 iure
1593 1962 1674 1994 &ex
1684 1957 1752 2008 ipfis
1765 1959 1888 2009 legibus
1899 1959 1987 1996 nulla
2033 1959 2039 1986 9

1187 2003 1313 2041 infamia
1340 2009 1506 2054 irrogetur.
1528 2010 1599 2043 Aut
1619 2021 1691 2045 cum
1711 2023 1750 2045 ex
1772 2008 1856 2046 Γεᾶο
1872 2009 1988 2060 -aliqu'o
2035 2024 2038 2028 ’

1186 2054 1267 2103 apud
1279 2056 1362 2091 viros
1374 2056 1476 2091 bonos
1487 2057 1669 2104 improbato
1690 2062 1820 2107 emergit
1832 2085 1843 2104 ‚
1863 2060 1905 2097 de
1917 2072 1987 2109 quo

1192 2117 1296 2141 tamen
1309 2117 1408 2153 neque
1421 2104 1470 2140 lex
1482 2109 1691 2153 pronunciat,
1707 2121 1811 2157 neque
1824 2109 1919 2146 iudex
1927 2110 1985 2146 de‘
2032 2140 2033 2145 ,

1185 2155 1283 2189 cernit
1298 2165 1306 2190 t
1321 2165 1357 2190 vt
1371 2167 1442 2190 cum
1459 2155 1590 2192 alieuius
1602 2157 1772 2204 pudor,aut
1783 2168 1836 2206 pet
1847 2161 1986 2208 increpa-

1187 2205 1306 2240 tionem
1329 2205 1442 2242 iudicis
1462 2216 1546 2241 extra
1567 2206 1660 2242 caulae
1678 2210 1896 2256 cognitionem
1906 2223 1986 2246 one⁴
2027 2221 2032 2226 ’

1186 2266 1281 2294 ratur,
1293 2266 1344 2290 aut
1357 2256 1521 2291 notatione
1530 2259 1664 2303 parentis
1678 2257 1710 2291 in
1722 2259 1907 2295 testamento
1916 2268 1987 2308 pera

1187 2304 1413 2351 stringitur.l.ob
1425 2306 1479 2339 haec
1489 2308 1581 2341 verba.
1582 2306 1653 2352 ffide
1665 2307 1708 2340 bis
1720 2310 1767 2352 qui
1778 2309 1987 2358 not.ins.Qui-

1187 2353 1377 2401 buscumque
1389 2367 1492 2390 autem
1505 2356 1564 2390 iam
1578 2358 1670 2393 diens
1684 2358 1789 2392 modis
1799 2357 1924 2395 infamia
1938 2361 1983 2396 it·-
2036 2363 2038 2365 ’

1185 2405 1437 2452 rogetur-‚vtique
1448 2402 1577 2441 infames
1588 2407 1605 2442 a
1616 2406 1822 2456 dignitatibus
1832 2407 1986 2457 repellun-

1186 2464 1247 2489 tur.
1252 2458 1325 2498 Qiae
1334 2456 1524 2502 enim‚inquit
1539 2455 1773 2500 Ecclefiasticus‚
1784 2458 1984 2507 honorificabit

1186 2503 1454 2549 exhonon'ficantem
1463 2507 1587 2542 animam
1595 2506 1678 2553 suam
1690 2511 1703 2541 ἓ
1713 2516 1835 2552 capno.

1236 2553 1508 2610 †Amplia·pri·mo
1521 2553 1598 2595 hanc
1609 2550 1982 2605 regulam‚qu0d·infami·

1165 2630 1167 2633 .
1187 2600 1244 2637 bus
1256 2614 1352 2650 portae
1365 2603 1557 2650 dignitatum
1574 2619 1638 2641 non
1650 2618 1757 2653 patent
1769 2631 1780 2650 ,
1802 2619 1866 2642 non
1879 2602 1988 2653 solum-

1185 2650 1218 2684 in
1231 2648 1304 2689 loco
1319 2655 1349 2688 in
1364 2664 1429 2700 quo
1443 2652 1567 2690 infamia
1579 2658 1735 2691 contratsta
1747 2682 1758 2701 ,
1775 2667 1830 2692 aut
1851 2667 1905 2703 per
1915 2651 1985 2691 len«

1185 2703 1316 2739 tentiam
1331 2699 1412 2738 illata
1421 2703 1474 2747 est,
1485 2706 1688 2741 verumetiam
1700 2703 1806 2741 inalio
1817 2705 1889 2740 loco
1898 2717 1986 2751 quo-r

1187 2763 1343 2799 cumque:
1357 2755 1442 2798 quia,
1453 2764 1490 2789 vt
1501 2753 1655 2801 eleganter
1664 2769 1735 2791 cum
1744 2756 1782 2790 ad
1794 2758 1855 2790 Lex
1865 2765 1897 2788 ea
1905 2753 1939 2799 Ε.
1949 2756 1990 2790 d&

1181 2799 1355 2847 postulando.
1370 2801 1501 2838 Bartolo
1511 2803 1668 2848 respondit
1680 2809 1709 2840 C
1712 2801 1857 2846 astrenfis,
1870 2805 1907 2836 ad
1915 2803 1944 2839 d.
1954 2807 1979 2839 l·

1190 2849 1289 2895 i.ff.de
1300 2853 1342 2885 his
1356 2855 1473 2896 quinat.
1485 2853 1540 2900 inf.
1550 2852 1626 2890 ficut
1638 2855 1719 2904 lepra
1728 2852 1866 2902 sequitur
1876 2850 1981 2898 lepro-

1183 2899 1251 2935 sum
1263 2912 1467 2948 quocumque
1477 2903 1558 2944 ierit,
1573 2908 1603 2938 &
1615 2902 1691 2940 ficut
1706 2904 1731 2939 is
1741 2905 1789 2939 cui
1801 2900 1981 2937 membrum

1185 2947 1313 2997 aliquod
1326 2949 1511 2990 mutilatum.
1521 2953 1564 2989 est
1575 2977 1586 2995 ‚
1599 2953 1632 2988 id
1643 2953 1740 3001 ipsum
1756 2950 1899 2988 membrfi
1909 2963 1981 2986 mu-

1187 2997 1279 3036 tilum
1289 2998 1357 3034 secu
1368 3011 1519 3048 perpetuo
1533 3001 1649 3044 defert,
1663 3007 1694 3039 &
1706 3000 1783 3037 ficut
1794 3012 1982 3044 exeommu-

1995 2579 2035 2618 5?

1186 3050 1344 3084 nicatusin
1357 3061 1424 3086 vno
1444 3050 1518 3087 loco
1530 3077 1541 3097 ‚
1566 3052 1682 3100 vbique
1694 3051 1837 3087 locorum
1849 3052 1983 3098 grauiac
2031 3085 2034 3088 ⁴

1183 3096 1354 3146 periculoso
1368 3097 1429 3135 hoc
1441 3100 1572 3137 vinculo
1583 3100 1707 3150 ligatur:
1721 3103 1761 3137 ita
1773 3112 1900 3148 quoque
1912 3099 1980 3135 l’en-

1183 3148 1281 3184 tentia
1292 3160 1362 3195 quae
1371 3148 1509 3198 aliquem
1534 3149 1684 3198 infamat,
1705 3148 1841 3187 eiusdem
1863 3161 1984 3186 natura!-

1183 3195 1226 3233 est
1245 3221 1254 3237 ,
1279 3197 1420 3243 adeoque
1449 3200 1562 3238 statum
1590 3199 1720 3237 alicuius
1748 3199 1919 3242 diminuit,
1941 3212 1982 3236 v-

1182 3246 1303 3296 vbique
1330 3247 1459 3285 infamat
1479 3273 1490 3291 ‚
1515 3249 1597 3297 apud
1626 3251 1733 3288 omnia
1753 3249 1918 3286 tribunalia
1940 3248 1982 3284 li·

1180 3309 1232 3345 gat
1259 3312 1267 3333 ι
1291 3295 1491 3349 sequiturque
1513 3298 1678 3339 hominem
1697 3298 1982 3339 etiamfiadlocum

1909 3361 1977 3385 'lon
2030 3399 2034 3403 ,
