2052 3562
243 265 272 295 i.

314 196 378 243 556

317 258 468 295 nimirum
484 256 627 292 videatur
639 254 672 290 in
686 256 705 275 *
732 251 872 288 fraudem
884 249 1042 286 haeredum
1055 259 1116 283 vx·

317 311 381 344 oris
394 334 402 348 ‚
423 306 461 343 ad
484 318 564 354 quos
585 304 719 339 dimidia
738 315 805 350 pars
826 314 934 337 eorum
957 301 1116 348 peruenire

319 358 457 398 deberet,
469 354 544 392 faeta
554 360 565 389 ἐ
578 353 673 403 idque
684 351 809 402 propter
822 352 1017 403 vicinitatem
1032 360 1115 385 tem-

320 410 423 456 poris',
447 409 531 440 iuxta
556 413 617 440 not.
638 406 677 439 ad
687 407 710 441 Ι.
721 405 753 437 de
761 403 864 449 pupillo
877 405 908 449 ᾧ.
920 401 943 446 fi
953 406 1012 447 quis
1021 399 1058 446 ff.
1078 398 1112 430 de

320 467 382 492 not.
393 466 455 501 ape.
466 452 595 490 nunciat.
610 456 746 489 maxime
761 451 783 487 li
795 453 928 501 personae
940 450 1116 487 coniunetae

318 508 473 542 donatum
485 502 522 540 sit
535 520 544 547 ;
566 503 664 540 veluti
676 502 697 539 si
709 502 812 538 liberis
827 504 938 551 prioris
951 502 1034 538 thori
1047 511 1060 543 ’ς
1082 510 1117 535 vt

319 561 418 603 nuper
437 556 468 590 in
480 554 541 590 hoc
549 559 662 591 Senatu
673 553 867 590 intellectum
883 554 1013 589 memini
1028 578 1037 595 ,
1052 563 1118 597 non

266 621 275 631 ·
319 602 407 654 quod
418 603 483 640 'sola
498 608 516 628 *
533 605 718 642 coniunffio
741 605 935 652 personarum
950 604 1027 644 hanc
1039 615 1118 651 prae-

319 655 531 703 sumptionem
546 656 643 705 parit,
665 658 745 691 Bald.
758 649 851 700 confit.
872 666 945 700 194·
965 645 1014 688 lib.
1032 664 1060 688 1.
1076 654 1118 686 'A-

319 708 433 742 lexaud.
447 704 524 750 cons.
542 719 598 753 54.
622 705 672 740 lib.
687 719 719 751 7.
739 704 788 740 sed
802 705 891 753 quod
903 705 970 739 aliis
984 705 1119 738 coniun-

274 787 278 790 .
319 757 368 790 &a
381 757 583 791 vehementer
593 767 694 802 vrget.
707 757 787 791 Boe'r.
811 755 917 790 Alciat.
940 757 978 793 ὥ·
988 756 1038 799 atq·
1045 754 1082 789 ad
1092 754 1114 787 l.

316 804 380 852 post
391 809 565 842 contractum
572 805 609 851 ff,
619 806 651 839 de
661 806 759 839 donat.
789 817 842 841 aut
868 802 889 839 si
909 804 970 852 ipse
981 803 1118 840 donator

320 855 426 903 postea
441 859 471 892 in
482 854 661 903 posseslione
671 853 842 892 eorundem
863 853 1021 890 bonorum
1033 867 1118 905 repe-

320 907 421 941 riatur
433 930 443 946 ,
457 905 505 941 vel
517 904 633 950 fruetus
642 903 788 953 percipiat
800 930 809 947 ‚
825 905 857 939 v‘t
865 906 924 938 lat'e
938 913 1030 938 notat.
1045 904 1118 939 idem

322 957 423 990 Alciat.
442 955 504 1001 post
515 958 588 990 alios
598 980 609 997 ,
632 956 661 988 d.
683 956 746 989 loco
769 955 806 991 ά
830 955 894 988 adl.
906 955 972 988 licet
982 952 1116 999 lmppff.

321 1007 355 1040 de
368 1008 442 1050 lega.
460 1018 489 1040 ι.
504 1007 621 1052 Currius
635 1003 721 1048 consil
746 1017 799 1052 54.
807 1013 858 1048 per
867 1004 885 1035 l.
891 1002 972 1049 ficut.
986 1004 1118 1050 §.super-

321 1066 453 1089 uacuum.
460 1052 494 1097 ff.
510 1056 589 1098 quib.
604 1053 677 1088 mod.
693 1055 775 1099 pign.
796 1054 840 1088 vel
850 1052 996 1098 hypothec.
1006 1053 1081 1099 solu.
1095 1055 1119 1089 l.

321 1099 345 1137 is
355 1107 415 1148 qui.
422 1103 457 1150 ff.
471 1104 506 1138 de
525 1103 689 1151 acquirend.
712 1104 836 1138 haeredit.
847 1101 930 1137 iliud
943 1108 1028 1137 enirn
1041 1117 1119 1140 con-

322 1153 397 1195 stat,
412 1156 446 1189 in
458 1154 524 1189 iure
538 1159 562 1182 ἢ
575 1151 714 1202 praesumi
725 1151 861 1189 fraudem
874 1178 885 1197 ,
907 1153 1036 1200 quando
1048 1156 1118 1203 quis

322 1205 435 1240 omnia
448 1201 530 1238 bona
543 1229 552 1245 ,
575 1215 626 1239 aut
644 1203 795 1238 maiorem
808 1215 922 1238 eorum*
930 1213 1048 1249 partem
1058 1205 1120 1241 do-

326 1266 379 1290 nat
393 1279 403 1295 ‚
420 1257 442 1290 l.
466 1264 564 1288 omnes
584 1256 611 1295 §.
636 1255 736 1287 Lucius
752 1251 788 1298 ff.
799 1264 856 1297 qua
867 1250 1000 1301 infraud.
1013 1257 1115 1293 credit.

327 1300 464 1340 maxime
477 1301 499 1338 fi
509 1301 601 1339 subsit
610 1303 694 1339 causa
702 1300 863 1338 fraudandi
874 1329 886 1349 ,
898 1304 1010 1339 Amin.
1022 1305 1119 1350 confit.

325 1357 382 1396 65.
398 1361 522 1389 Cumzn.
533 1354 625 1400 confit.
644 1365 674 1400 ις
685 1365 715 1398 5.
736 1355 790 1402 aut
799 1351 929 1400 quando
940 1353 1044 1398 postea
1057 1355 1119 1390 do—

325 1415 434 1440 natore
444 1406 595 1449 reperitur
616 1404 646 1438 in
662 1401 840 1448 posseffione
849 1430 860 1448 ‚
880 1405 901 1438 l.
921 1403 960 1441 ά·
972 1402 1079 1449 quisub
1091 1407 1118 1439 i-

323 1457 446 1499 magine.
464 1462 501 1490 C.
513 1456 546 1488 de
554 1452 676 1498 distract.
687 1448 747 1498 pig.
767 1465 821 1489 aut
834 1451 856 1488 si
871 1451 951 1488 clam
964 1451 1080 1497 fecerit,
1092 1457 1113 1491 1.

324 1509 379 1536 non
388 1505 473 1537 intell:
473 1507 555 1550 gitur
568 1501 634 1550 §.si
644 1506 703 1547 quis
711 1501 822 1546 palkm.
828 1502 865 1548 ffi
889 1502 1067 1549 deiurefisci.
1078 1502 1117 1539 fi-

320 1561 361 1586 ue
371 1552 466 1587 etiam
478 1566 531 1599 per
544 1551 753 1599 interpositam
769 1553 940 1599 personam,
951 1557 982 1586 δι
995 1555 1026 1588 in
1037 1566 1117 1588 con-

322 1602 447 1637 iunctos
460 1600 619 1638 transferat
629 1626 639 1644 ‚
652 1605 670 1637 l.
691 1615 722 1647 3.
735 1608 772 1638 C.
784 1604 915 1639 denatur.
926 1601 975 1638 lib.
987 1612 1050 1649 cap.
1058 1602 1113 1650 fin.

321 1653 351 1686 in
355 1651 414 1698 fin.
425 1653 459 1687 de
470 1655 627 1689 renunciat.
639 1654 687 1688 lib.
703 1656 735 1687 6.

582 1752 615 1785 C
640 1752 673 1785 A
696 1752 731 1785 Ρ.
783 1749 841 1786 ΙΧ.

322 1847 400 1916 De
417 1864 556 1898 vxore
572 1852 619 1898 in
637 1849 768 1900 bonis
781 1848 1006 1919 acquisitis
1020 1867 1117 1897 ma-

367 1921 456 1967 ritsi
471 1918 766 1981 fraudante,&
783 1921 838 1969 de
851 1923 904 1969 iis
919 1918 1117 1970 testante.

504 2043 888 2075 SVMMARIA.

323 2147 349 2172 1.
373 2141 450 2172 onr
459 2134 560 2182 ansuae
573 2135 733 2183 faciam,
760 2147 818 2181 qua
839 2133 919 2172 νίινὰ
939 2135 1033 2171 dotem
1045 2130 1123 2170 con-⁷

414 2197 513 2231 quim.

323 2247 354 2270 2.
377 2240 499 2282 operari
509 2236 613 2270 marito
624 2246 696 2270 vxor
707 2246 745 2269 an
763 2243 905 2271 teneatur.

323 2298 351 2331 3.
375 2291 451 2320 onr
474 2298 510 2320 ex
531 2287 610 2320 bonis
619 2286 721 2320 mariti
732 2286 879 2330 acquirere
889 2284 1000 2329 quando
1007 2281 1115 2329 praesu-

413 2342 521 2369 matur.

321 2394 355 2429 4.
376 2389 472 2418 Hares
492 2383 590 2418 mariti
611 2393 669 2426 qua
685 2384 794 2418 actione
817 2389 931 2429 partem
963 2378 1113 2427 quaestuum

415 2441 511 2478 petat.
548 2476 553 2480 ⁴

319 2533 401 2617 N
415 2535 480 2568 ΟΝ
493 2544 546 2566 nv
557 2541 583 2564 M
596 2542 651 2577 Q
665 2544 685 2567 A
697 2542 724 2565 M
759 2529 795 2563 &
816 2538 869 2574 per
895 2525 1115 2564 inhaeredatio-

338 2583 342 2591 ’
418 2595 489 2617 nem
516 2593 597 2618 vxor
618 2582 764 2617 maritum
795 2579 1000 2613 circumuenit
1021 2577 1054 2613 in
1081 2577 1115 2612 id

317 2644 393 2670 toto
413 2630 469 2668 nisi
488 2630 672 2667 incumbens
691 2654 702 2672 ‚
731 2643 766 2667 vt
788 2627 829 2663 de
857 2628 947 2664 bonis
960 2625 1115 2675 acquisitis

319 2681 399 2719 nihil
412 2680 463 2717 ille
474 2681 739 2729 cons'e'quaturz&
766 2677 895 2726 quidem
917 2677 1114 2725 potissimum

319 2731 390 2770 siex
405 2745 445 2768 eo
456 2732 525 2767 viro
538 2731 657 2768 liberos
676 2743 743 2767 non
755 2728 887 2772 habeat,
911 2740 951 2762 ex
971 2728 1072 2777 priore
1081 2740 1114 2763 a·

317 2782 424 2832 liquos
435 2796 446 2817 .-
459 2793 510 2818 aut
520 2780 601 2817 certe
612 2779 749 2816 smullos
757 2776 882 2828 prorsus
904 2776 1032 2820 habeat,
1059 2776 1112 2813 ha·

317 2833 373 2870 bet
383 2842 488 2868 tamen
510 2842 615 2881 neptes
626 2830 676 2866 vel
702 2833 852 2878 nepotes'‚
882 2840 963 2877 quos
985 2826 1111 2864 euehere

316 2895 412 2932 atque
431 2880 531 2918 ditare
563 2878 728 2929 impensius
745 2891 885 2915 conatur.
923 2881 1008 2914 Nam
1033 2877 1112 2914 dum

316 2932 482 2970 mercatrix
508 2942 562 2966 aut
592 2930 785 2979 negotiatrix
810 2928 853 2965 est
872 2954 883 2971 ,
906 2926 993 2964 facile
1014 2927 1111 2964 inscio

316 2984 432 3020 marito
452 2981 555 3028 aliqua
579 2982 657 3017 emit
671 3005 682 3025 ,
703 2980 737 3014 in
754 2978 870 3028 quibus
893 2977 1026 3015 fesulam
1039 2977 1108 3024 ‚vel

315 3032 386 3069 suos
398 3059 409 3076 ,
438 3030 599 3067 constante
619 3030 827 3066 matrimonio
846 3028 926 3065 clam
940 3027 1110 3065 inhaereda-

319 3085 345 3118 ri
356 3081 429 3118 facit
442 3096 454 3117 .·
468 3091 521 3118 aut
532 3082 690 3127 expectata
703 3090 804 3115 morte
814 3079 939 3121 mariti,
951 3090 1028 3115 tunc
1042 3078 1105 3127 pri-

316 3144 403 3168 rnum
428 3132 460 3166 in
485 3130 640 3167 viduitate
671 3127 835 3175 consistens
856 3128 958 3176 aliqua
977 3138 1111 3175 compa·.

314 3192 360 3217 rat
380 3207 390 3224 ,
412 3179 508 3230 eaque
533 3181 652 3217 ratione
682 3179 854 3223 haeredibus
876 3178 979 3214 mariti
1000 3179 1105 3225 impo-

314 3231 385 3270 nit,
406 3234 439 3266 δι
463 3242 520 3276 pro
533 3230 663 3267 arbitrio
673 3227 928 3266 animifiiilibere
937 3228 978 3264 de
987 3225 1036 3263 his
1057 3237 1102 3262 re-

760 186 1000 223 I’ETRVS
1055 182 1325 221 PECKIVS
1380 183 1407 215 l'.
1462 182 1505 216 C.

1162 258 1234 281 nem
1246 257 1424 294 competere
1437 260 1503 282 non
1513 244 1738 283 dubitauerim.
1768 248 1852 283 Nam
1874 246 1962 296 quod

1162 295 1302 345 plerique
1326 296 1435 340 aiunt,
1457 308 1571 343 eaquae
1599 295 1709 333 mulier
1730 300 1893 334 mercatrix
1918 311 1959 333 ex

1163 346 1381 394 negociatione
1402 351 1433 380 &
1452 345 1612 388 ⁷industria
1625 344 1676 383 sua
1701 349 1718 385 †
1745 347 1824 384 vltra
1850 347 1960 383 dotem
1983 338 2011 361 ι’

1164 397 1337 442 conquirit,
1348 396 1397 431 sua
1410 393 1524 438 facere,
1536 400 1565 430 δε
1579 395 1618 431 de
1630 398 1666 432 iis
1682 396 1720 432 ad
1732 396 1815 433 suain
1830 397 1878 433 vel
1889 396 1962 433 suo-

1165 458 1234 482 rum
1247 445 1416 482 vtilitatem
1428 446 1508 493 poss‘e
1521 444 1682 493 disponere
1695 471 1702 484 ,
1724 450 1804 484 Bald.
1818 449 1881 482 adl.
1896 447 1984 482 cz'cm'·

1166 504 1284 539 0portct.
1306 503 1343 532 C.
1355 497 1389 530 de
1410 496 1474 530 bon.
1494 507 1551 540 qua
1573 496 1651 531 liber.
1667 499 1855 534 &Romanus
1866 496 1960 544 confit.

1172 554 1245 589 159.
1260 556 1322 579 cum
1336 548 1453 580 Alexan.
1474 544 1566 590 confit.
1589 558 1641 591 40.
1656 546 1708 580 lib.
1726 558 1751 592 3.
1767 548 1804 584 ἔφ’
1816 550 1963 593 eleganter

1167 593 1264 643 confil.
1282 610 1290 630 ι
1302 607 1315 639 3
1323 606 1350 640 3.
1369 596 1455 639 incip.
1472 594 1538 629 ver&
1551 596 1677 641 crudelis,
1687 595 1753 630 libr.
1768 609 1801 642 4.
1816 599 1962 644 ambigu-

1170 656 1222 678 um
1240 644 1382 679 videtur:
1408 647 1508 679 immo
1531 647 1718 680 <ommium
1739 647 1770 679 in
1791 644 1852 691 for.
1876 648 1962 682 libeu.

1166 703 1219 737 quo
1233 704 1305 728 vxor
1315 697 1381 740 agit
1392 694 1430 727 ad
1439 695 1496 728 dot.
1506 696 1544 729 ad
1564 695 1640 730 verb.
1657 704 1802 740 tamquam
1820 694 1896 730 bona
1907 707 1964 742 pa·

1166 742 1363 787 rapbcrnalia.
1379 743 1532 779 iudicauit
1547 743 1819 792 prast.[>ap.(jerte
1831 746 1962 781 consue-

1169 792 1250 827 tudo
1274 794 1444 829 nostrarum
1459 796 1627 841 regionum
1644 820 1655 839 ‚
1669 807 1762 842 quarn
1775 793 1917 831 Hostien.
1932 797 1964 830 in

1167 850 1229 886 cap.
1235 841 1412 888 significauit
1424 869 1431 877 .
1443 853 1527 878 extra
1536 845 1569 878 de
1578 845 1676 879 donat.
1689 846 1766 878 inter
1777 848 1822 880 vir
1830 845 1867 882 (θ’
1878 844 1962 880 vxor.

1165 890 1350 938 sequendam
1376 891 1432 927 esse
1456 892 1614 941 respondit
1641 918 1652 934 ,
1681 894 1766 929 aliud
1780 897 1974 943 recepit‚&·

1164 940 1433 991 qualitercumque
1443 941 1460 976 ὲ
1475 943 1662 991 coniugibus
1676 941 1801 992 quaesita
1815 957 1965 981 commu-

1169 990 1252 1026 nicat
1275 991 1397 1029 laudata
1416 1004 1526 1028 eorum
1551 992 1698 1030 sententia
1717 1017 1730 1033 ‚
1754 996 1808 1042 qui
1827 995 1916 1030 aiunt
1940 998 1960 1017 *
1982 1016 2013 1039 2·

1168 1052 1298 1076 vxorem
1312 1043 1380 1078 viro
1394 1044 1511 1088 operari
1525 1043 1636 1080 debere
1647 1068 1658 1084 2
1670 1046 1690 1078 l.
1705 1042 1782 1087 ficut
1795 1043 1831 1090 ff.
1844 1046 1877 1079 de
1885 1054 1961 1090 oper.

1167 1088 1238 1124 llber
1259 1093 1280 1125 l.
1289 1090 1372 1137 sedfi
1383 1095 1438 1128 vir.
1451 1094 1481 1125 in
1499 1095 1622 1138 princip.
1635 1091 1670 1137 ff,
1685 1094 1718 1126 de
1726 1093 1869 1129 donation.
1883 1096 1963 1129 inter

1168 1140 1263 1173 virum
1288 1145 1323 1178 ύ-
1346 1152 1430 1177 vxor.
1454 1140 1508 1176 nisi
1523 1141 1574 1176 illa
1587 1142 1676 1178 aliter
1686 1141 1724 1176 ab
1735 1143 1830 1176 initio
1840 1146 1872 1178 in
1884 1156 1964 1178 con-

1167 1190 1266 1224 trac-tu
1277 1189 1482 1238 antenuptiali
1496 1192 1582 1239 pac-ta
1594 1190 1689 1228 fuerit
1702 1205 1710 1226 z
1725 1193 1798 1239 quia
1807 1191 1884 1228 ficut
1897 1206 1966 1229 ma-

1167 1238 1247 1274 ritus
1265 1251 1336 1275 curn
1359 1253 1392 1275 ea
1413 1240 1520 1288 pacisci
1542 1242 1646 1288 potest
1660 1267 1671 1285 ‚
1693 1252 1728 1277 vt
1739 1254 1861 1290 accepta
1875 1245 1964 1281 certae

1168 1290 1307 1334 pecuniae
1320 1293 1496 1338 quantitate
1508 1317 1517 1331 ‚
1537 1290 1615 1327 nihil
1634 1303 1778 1341 praeterea
1796 1305 1835 1328 ex
1858 1295 1965 1341 acqui-

1168 1336 1232 1373 sitis
1243 1350 1328 1385 petat
1342 1366 1350 1379 ,
1372 1349 1404 1376 vt
1421 1341 1562 1376 docuimus
1594 1352 1657 1388 cap.
1688 1353 1699 1374 1
1711 1367 1720 1377 .
1734 1343 1817 1376 huius
1830 1342 1897 1378 libr.
1909 1354 1967 1377 nu.

1168 1399 1237 1424 mer.
1256 1401 1283 1434 3.
1298 1391 1342 1426 ita
1353 1401 1482 1439 quoque
1495 1390 1574 1426 nihil
1594 1391 1729 1440 impedit
1741 1418 1752 1437 ,
1769 1404 1836 1439 quo
1857 1391 1963 1430 minsis

1166 1449 1249 1473 vxor
1268 1438 1431 1487 stipuletur
1446 1465 1457 1480 .
1483 1452 1518 1476 vt
1540 1454 1573 1476 ea
1586 1454 1656 1491 quae
1672 1440 1752 1477 vltra
1764 1441 1873 1478 dotem
1885 1456 1967 1479 con-

1164 1487 1283 1534 quirit,
1309 1488 1365 1525 sibi
1385 1488 1505 1538 suisque
1526 1491 1654 1528 retineat
1668 1516 1679 1533 ‚
1700 1495 1731 1526 &
1750 1489 1845 1527 libere
1867 1492 1907 1528 de
1917 1491 1979 1536 his,

1164 1536 1328 1586 disponat,
1350 1537 1486 1574 simod&
1509 1538 1549 1575 de
1573 1541 1800 1577 sufficientibus
1820 1541 1962 1591 alioquin

1165 1585 1322 1625 alimentis
1332 1590 1446 1626 marito
1461 1594 1493 1625 δι
1504 1587 1630 1626 familiae
1643 1597 1708 1627 eius
1731 1590 1889 1638 prouisum
1912 1592 1965 1631 sit.

1165 1639 1248 1672 Nam
1271 1643 1304 1675 &
1322 1640 1446 1686 paetum
1475 1638 1687 1677 reseruationis
1720 1639 1880 1677 bonorum
1903 1657 1961 1693 pa-

1163 1686 1387 1735 raphernalium
1403 1689 1430 1725 ei
1444 1687 1554 1725 seruari
1578 1690 1695 1736 debet,
1720 1693 1741 1727 l.
1762 1690 1863 1728 mulier'
1886 1697 1963 1729 bona

1165 1735 1263 1783 quaeff
1276 1739 1308 1773 de
1327 1741 1387 1775 iure
1396 1741 1454 1774 dot.
1476 1739 1629 1791 Idemque
1646 1741 1707 1785 est,
1729 1738 1751 1776 si
1769 1740 1914 1788 praesente
1927 1747 1962 1778 &

1163 1787 1373 1825 consentiente
1398 1789 1516 1826 maritov
1536 1804 1569 1827 ea
1591 1792 1671 1827 bona
1690 1793 1881 1837 comparauit
1894 1819 1904 1837 ,
1927 1798 1961 1830 δι

1160 1835 1268 1873 solain
1292 1840 1330 1874 iis
1352 1839 1539 1876 inhaeredata
1562 1838 1802 1888 fuit‚'Frimcisc.
1816 1848 1888 1887 Ripa
1904 1843 1959 1879 lib.

1163 1901 1192 1924 1.
1207 1889 1272 1935 resp.
1294 1902 1317 1923 c.
1333 1902 1365 1935 4.
1380 1892 1434 1926 cot.
1443 1888 1500 1935 fin.
1525 1890 1626 1935 Quod
1640 1888 1751 1926 sivero
1777 1904 1857 1927 vxor
1880 1904 1960 1928 mox

1162 1937 1230 1984 post
1241 1950 1376 1975 mortem
1388 1940 1489 1975 mariti
1509 1939 1684 1977 istiusmodi
1700 1940 1782 1976 bona
1803 1941 1900 1984 emit,
1924 1946 1959 1978 &

1162 1986 1482 2025 inhisseinhaeredari
1496 1986 1571 2026 fecit
1586 2017 1595 2035 ,
1617 2001 1710 2038 atque
1729 1990 1770 2026 de
1782 1988 1888 2026 iisdem
1911 2002 1962 2027 te-

1163 2036 1237 2072 stata
1248 2038 1291 2074 est
1305 2053 1312 2072 :
1329 2039 1439 2075 durior
1448 2038 1514 2076 sane
1526 2036 1584 2074 erit
1597 2040 1727 2077 haeredis
1739 2041 1771 2075 in
1780 2039 1956 2088 detegenda

1160 2084 1269 2123 fraude
1292 2088 1456 2131 conditio,
1481 2103 1546 2125 non
1571 2091 1703 2138 quidem
1728 2090 1869 2126 aduersus
1879 2104 1957 2136 eam,

1160 2149 1232 2185 quae
1252 2149 1360 2185 praeter
1373 2139 1485 2174 dotem
1497 2137 1576 2174 nihil
1602 2139 1734 2177 intulit.-
1755 2140 1827 2188 quia
1846 2138 1956 2177 sicut*
2004 2163 2011 2169 —
2047 2137 2049 2146 ‘

1162 2186 1359 2235 praesumitur*
1376 2186 1458 2224 viiior
1480 2188 1638 2238 quidquid
1667 2188 1826 2225 constante
1845 2190 1957 2225 matri·
1980 2175 2010 2211 3⁶

1159 2238 1272 2272 monio
1284 2237 1446 2285 acquisiuit
1456 2262 1467 2281 ‚
1488 2240 1529 2274 de
1544 2239 1636 2276 bonis
1656 2239 1760 2274 mariti
1775 2237 1956 2287 acquisiuis-

1157 2285 1186 2322 st
1197 2311 1208 2327 ,
1225 2298 1261 2323 vt
1274 2286 1473 2337 praesumptio
1496 2288 1743 2339 turpis'quaestus
1760 2291 1917 2332 curtetur,
1929 2292 1953 2327 l.

1159 2338 1283 2384 Qntuc
1296 2340 1413 2374 Mutius.
1422 2336 1457 2383 ff.
1467 2339 1500 2373 de
1507 2339 1606 2374 donat.
1623 2363 1627 2368 ·
1641 2341 1717 2375 inter
1735 2340 1788 2374 vir
1814 2342 1851 2378 (5-
1868 2350 1955 2375 vxor.

1159 2387 1201 2421 ita
1214 2398 1340 2433 quoque
1352 2400 1421 2436 quae
1430 2387 1530 2423 statim
1560 2388 1629 2436 post
1652 2389 1756 2424 mari'ti
1779 2400 1913 2425 mortem
1924 2402 1957 2425 e-

1160 2435 1232 2475 mit,
1244 2436 1363 2474 Alberic.
1376 2439 1415 2473 ad
1423 2439 1442 2473 l.
1468 2438 1567 2478 etiam,
1585 2446 1611 2473 c
1638 2438 1672 2472 de
1684 2439 1783 2472 donat.
1803 2440 1881 2474 inter
1893 2441 1952 2474 vir.

1160 2486 1194 2523 ά
1210 2497 1294 2521 vxor.
1309 2488 1448 2534 francisc,
1462 2487 1693 2534 Clemenfingul.
1707 2491 1728 2522 6
1733 2488 1844 2523 ,Decius
1856 2486 1955 2534 confil-

1161 2548 1178 2570 2
1188 2537 1239 2580 17.
1252 2539 1325 2580 Ripa
1335 2538 1399 2573 adl.
1407 2537 1616 2584 faminae.c.de
1621 2537 1732 2584 secund.
1742 2545 1821 2583 nupt.
1836 2532 1885 2572 sed
1897 2537 1956 2572 ad-

1160 2582 1233 2621 ners
1230 2597 1263 2618 us
1275 2584 1371 2628 illam,
1382 2588 1434 2622 cui
1446 2585 1524 2622 circa
1537 2598 1672 2623 mortem
1687 2587 1789 2621 mariti
1801 2584 1858 2622 alia
1869 2586 1952 2623 bona

1159 2633 1356 2672 obuenerunt
1365 2660 1377 2679 ,
1389 2649 1459 2686 quae
1470 2635 1693 2684 paraphernalia
1716 2635 1826 2672 habuit
1837 2661 1848 2678 ,
1865 2648 1954 2684 quae-

1161 2696 1200 2719 ue
1212 2682 1240 2719 se
1252 2683 1384 2721 aliunde
1396 2685 1558 2735 pecuniam
1579 2684 1722 2735 accepisse
1740 2685 1957 2729 demonstrat,

1163 2732 1273 2780 fulgos.
1298 2734 1392 2782 confit.
1420 2737 1496 2780 198.
1524 2737 1577 2771 De
1607 2735 1721 2785 quibus
1740 2734 1890 2773 omnibus
1909 2735 1949 2773 fic

1158 2787 1197 2818 ab
1220 2795 1317 2821 vxore
1340 2783 1495 2834 quaesitis,
1526 2789 1558 2820 &
1586 2787 1712 2836 proprio
1734 2785 1862 2826 nomine
1879 2798 1948 2821 em·

1156 2834 1219 2880 Ptis
1239 2858 1250 2877 ,
1271 2846 1311 2869 ex
1335 2836 1410 2872 iuris
1432 2832 1636 2880 dispositione
1653 2834 1730 2884 quid
1752 2833 1947 2871 sentiendum

1156 2881 1194 2920 sit
1214 2908 1225 2926 ,
1248 2887 1280 2918 ἃ
1305 2886 1407 2921 Aimo
1417 2883 1508 2930 confit.
1526 2885 1582 2920 81.
1597 2886 1648 2921 lib.
1664 2901 1690 2923 1.
1705 2883 1796 2930 infin.
1810 2888 1842 2920 &
1856 2885 1944 2921 Bart.

1156 2934 1195 2968 ad
1205 2934 1232 2967 d.
1251 2934 1273 2969 1.
1288 2937 1411 2981 Qintuae
1424 2959 1435 2978 ‚
1445 2944 1530 2979 atque
1537 2934 1576 2968 ad
1583 2937 1605 2971 Ι,
1617 2946 1700 2971 vxor.
1711 2934 1945 2971 maritandam

1156 2979 1314 3021 &Aleum
1328 2995 1388 3030 reg.
1406 2996 1433 3030 3.
1444 2982 1603 3029 prasumpt.
1614 2994 1676 3029 cap.
1687 2986 1779 3020 26.&
1795 2981 1945 3019 Roderic.

1151 3036 1260 3069 Suares
1269 3035 1307 3068 ad
1317 3034 1338 3070 l.
1356 3046 1383 3070 ι.
1398 3035 1444 3068 tit.
1458 3033 1542 3067 delas
1552 3036 1722 3078 gamancia.
1742 3029 1872 3079 plurima
1880 3031 1942 3068 ob·
2004 3033 2009 3046 ⁵

1149 3082 1317 3120 seruarunt.
1349 3082 1434 3119 Illud
1452 3081 1628 3118 monendus
1644 3081 1688 3117 est
1698 3081 1790 3117 haeres
1799 3107 1810 3124 ‚
1822 3083 1855 3117 in
1865 3095 1937 3119 om.

1151 3144 1223 3167 nem
1236 3130 1337 3167 casum
1355 3130 1459 3169 multo
1474 3130 1530 3168 fibi
1540 3128 1711 3167 consultius
1721 3129 1808 3176 fore,
1828 3129 1851 3167 si
1865 3146 1941 3169 non

1147 3181 1186 3216 ad
1201 3194 1246 3216 res
1259 3180 1336 3230 ipsas
1354 3182 1376 3227 ‚⁷
1392 3181 1443 3218 sed
1467 3181 1506 3217 ad
1528 3180 1626 3229 praetij
1642 3183 1666 3223 †
1685 3191 1801 3229 partem
1819 3180 1881 3219 fiue
1897 3196 1942 3218 ε-

1147 3230 1355 3268 [limationem
1365 3236 1497 3281 agat,l.1.
1509 3233 1530 3266 Ι.
1540 3232 1669 3265 multum.
1682 3237 1721 3268 c.
1727 3229 1753 3277 fi
1762 3235 1821 3274 quis
1832 3233 1886 3268 alt.
1895 3234 1944 3268 vet
1956 3230 1996 3266 4·

313 3278 419 3317 statur.
442 3280 602 3318 Aduersus
621 3278 700 3318 hanc
719 3278 859 3320 fraudem
876 3276 991 3316 haeredi
1002 3277 1102 3314 αᾶῐο-
1144 3279 1308 3327 fihissm.
1322 3283 1389 3319 adl.
1406 3296 1434 3320 1.
1448 3277 1728 3326 c.defideinstrum.
1740 3280 1848 3320 &iure
1859 3279 1945 3328 basta·

1846 3331 1941 3382 fisca.
