2052 3562
202 187 285 229 AD
314 185 454 226 REG.
485 186 717 243 LXXVIII.
748 186 820 221 ΙΝ
844 186 1266 224 ARGVMENTVM
1289 177 1585 230 TRAHdecJ
1649 202 1722 238 303

80 258 158 306 dus,
182 260 219 292 ad
227 261 247 294 l.
257 257 342 301 casus.
358 263 394 291 C.
407 260 440 290 de
455 255 563 302 testam.
589 255 662 294 licet
705 266 814 308 ropter
828 269 882 293 ne-

43 337 45 339 *
80 307 245 345 cessitatem
256 303 349 356 possit
362 304 512 342 sententia
524 304 596 342 ferri
618 318 664 341 no
699 317 716 340 e

19 372 21 375 ·
80 353 104 393 fi
117 368 162 393 res
184 351 318 404 litigiosa
334 354 472 401 peritura
482 353 543 402 sit,
566 365 620 390 aut
635 351 774 403 potestas
790 352 876 390 iudi-

78 404 122 449 cis
129 403 258 441 finiatur
278 414 289 436 :
315 410 396 437 Bart.
409 404 447 441 ad
456 406 569 440 Lmorae.
574 401 609 449 ff
620 406 653 440 ,de
662 402 756 448 ferqs.
783 401 817 438 id
826 412 878 438 ta-

78 461 153 492 men
167 454 210 488 ita
229 451 434 503 accipiatque
449 449 584 502 intelligi
595 449 689 488 debet
701 476 713 493 ,
738 449 762 487 si
780 463 875 488 caete-

79 501 122 539 ris
146 500 370 538 sententiarum
395 499 540 536 formulis
575 499 654 536 nihil
679 498 875 536 detrahatur.

38 580 40 582 -
80 550 121 588 ld
130 549 222 602 quod
231 561 307 586 tunc
324 562 434 585 verum
446 559 527 598 puto
539 578 553 596 2
579 547 712 597 quando
722 560 757 585 ea
768 547 874 585 neces—

77 597 149 637 sitas
158 610 244 636 tanta
255 612 322 635 non
331 597 377 634 est
388 617 409 644 ‚¹
426 597 506 648 quin
515 611 587 635 cum
599 595 670 647 ipsis
678 595 872 633 solennitati-

78 648 136 686 bus
153 658 210 684 aut
218 646 362 684 formulis
376 645 468 682 simul
476 645 645 683 consistere
661 644 763 695 possit.
801 645 874 682 Ex-

73 695 174 750 empli
184 696 286 746 gratia
297 725 310 743 ,
335 700 409 731 lure
420 693 507 732 ciuili
522 696 745 731 Romanorum
756 696 817 741 (vt
827 708 874 731 re-

75 744 199 799 ceptior
214 743 308 783 habet
318 744 523 794 interpretum
532 744 645 795 opinio
655 771 667 790 ‚
691 745 728 778 ad
734 745 754 779 l.
762 742 819 788 fin.
834 750 871 780 c.

75 793 110 836 eso
118 793 230 842 testam.
237 796 252 840 )
263 804 395 846 propter
404 791 611 843 necessitatem
626 790 718 845 pestis
729 820 741 838 ‚
767 790 875 829 minor

69 849 226 890 'numerus
235 842 363 879 testium
373 853 471 889 quam
484 840 671 892 septenarius
682 838 791 877 sufficit
801 869 814 888 ‚
839 847 872 877 &

75 891 148 934 licet
162 903 221 942 pro
233 889 336 928 forma
343 891 395 927 seu
404 888 600 926 solemnitate
611 888 871 927 testamenti‚n0n

75 941 170 982 etiam
180 939 403 979 conti·a&uum
417 963 427 981 ‚
441 937 613 987 requiritur
633 951 641 971 =
694 936 761 975 uod
780 937 872 975 testes

73 989 220 1034 yiderent
236 987 419 1026 testatorem
436 1017 448 1035 ,
473 997 510 1025 vt
528 985 613 1024 fraus
631 993 661 1024 ἃ
692 984 794 1023 alfitas
805 987 872 1024 eui-

73 1050 161 1076 tetur
172 1067 184 1085 ‚
215 1049 291 1087 quae
300 1034 392 1074 facile
407 1035 566 1073 committi
580 1034 682 1088 posset
693 1065 706 1083 ‚
730 1034 755 1072 si
770 1031 873 1079 solum

73 1087 165 1125 testes
177 1086 320 1124 audirent
328 1084 511 1122 testatorem
528 1083 716 1136 loquentem
728 1109 741 1129 ,
762 1089 792 1120 δε
801 1097 874 1120 eum

74 1149 144 1174 non
154 1134 296 1172 viderent
310 1163 323 1182 ,
349 1131 568 1170 substituendo
586 1132 683 1169 alium
702 1163 714 1180 ‚
766 1133 797 1169 ui
813 1146 875 1169 vo-

60 1197 144 1223 ·eem
160 1182 316 1220 testatoris
334 1181 476 1220 simulare
488 1187 519 1218 &
537 1182 684 1231 effingere
694 1195 739 1232 po
762 1182 875 1226 et:l.fi

73 1235 282 1281 nonspeciali.c
290 1232 329 1266 ‚de
340 1230 420 1278 testa.
434 1235 529 1266 Decius
540 1231 611 1273 confi
620 1243 633 1276 ς
641 1243 693 1275 54.
704 1232 785 1277 Iason
798 1229 874 1276 cons.

76 1285 184 1319 26.l.1.
199 1282 236 1320 ά·
244 1283 263 1316 8
270 1293 285 1314 2
293 1283 321 1316 .l.
331 1294 357 1326 3.
370 1279 455 1317 dicia
465 1290 570 1316 tamen
578 1277 743 1316 solennitas
751 1277 874 1315 relaxa-

75 1342 146 1373 tur,
173 1328 305 1380 quando
327 1329 549 1367 testamentum
569 1329 643 1365 esset
663 1327 830 1364 conditum
856 1325 875 1362 a

73 1378 204 1433 persona
219 1377 305 1429 peste
324 1375 442 1414 infesta
455 1377 488 1413 in
505 1376 580 1413 loco
595 1375 780 1425 contagioso
800 1405 808 1419 ,
833 1375 874 1413 ad

98 1441 172 1465 uem
181 1440 277 1464 nemo
292 1424 383 1464 facile
393 1435 524 1477 propter
533 1424 652 1476 pestem
665 1424 809 1462 accedere
818 1438 873 1460 au-

72 1441 169 1519 debat
195 1491 203 1514 ;
228 1475 303 1525 quia
319 1474 395 1511 tunc
413 1484 579 1525 propterea
600 1472 690 1522 quod
708 1472 874 1510 solennitas

74 1525 149 1563 iuris
169 1537 243 1562 cum
267 1521 441 1564 necestitate
465 1521 556 1560 simul
580 1521 660 1559 stare
673 1535 739 1559 non
756 1522 873 1572 potest,

74 1573 159 1612 valet
174 1571 399 1609 testamentum
421 1596 430 1611 ,
454 1570 582 1619 eiusciue
603 1581 698 1608 tenor
723 1569 875 1622 probatur

73 1635 130 1675 per
140 1620 233 1658 testes
247 1649 259 1668 ,
286 1618 342 1656 etsi
360 1633 427 1657 non
446 1619 583 1656 viderint
603 1619 785 1656 testatorem
796 1648 807 1668 ‚
825 1619 877 1657 sed

74 1685 149 1714 eum
161 1680 285 1716 tantum
297 1668 489 1714 audiuerint‚
501 1670 679 1716 vocemc‘que
690 1670 753 1705 eius
773 1682 877 1719 agno—

76 1719 192 1758 uerint.
218 1718 305 1764 Paris.
318 1717 391 1763 cons.
400 1730 414 1762 3
423 1730 449 1764 3.
461 1718 512 1752 lib.
531 1724 556 1759 3:
566 1719 687 1753 Roland.
697 1716 716 1751 >i
729 1719 803 1752 Valle
810 1730 876 1752 con-

72 1768 120 1816 fit.
133 1771 152 1804 8
161 1783 172 1803 x
183 1795 189 1802 .
200 1779 277 1802 num.
289 1779 341 1803 22.
356 1765 486 1817 Amplia
494 1764 657 1816 postremo
669 1791 678 1808 ,
709 1765 802 1817 quod
810 1779 879 1803 uon

77 1812 181 1854 solum
194 1828 261 1853 non
273 1814 444 1852 trahuntur
463 1814 496 1851 in
509 1811 766 1864 consequentiam
776 1843 789 1862 ‚
816 1811 878 1851 v'e-

79 1864 246 1903 rumetiam
263 1862 431 1902 confestim
453 1861 628 1899 necessitate
642 1862 774 1900 cessante
792 1861 880 1901 defi-

79 1915 187 1957 ciunt,
211 1917 295 1958 capit.
308 1913 379 1957 quod
384 1922 434 1957 pro
445 1912 563 1947 remedio
576 1924 606 1947 i.
620 1924 651 1956 q.
660 1924 691 1957 7.
703 1911 804 1950 Vnde
820 1911 881 1948 In-

80 1972 208 2000 nocent.
234 1961 338 2002 Quod
357 1974 417 2013 pro
429 1959 602 1998 necessitate
618 1960 768 2011 temporis
781 1959 880 1996 statu-

82 2023 152 2049 tum
162 2010 208 2048 est
223 2011 348 2060 (inquit
362 2039 372 2055 ‚
383 2011 521 2055 capanna
528 2019 578 2055 pro
589 2011 755 2054 necessitate.
772 2008 880 2054 i.q.1.)

83 2059 216 2098 cessante
227 2057 400 2096 necessitate
408 2087 420 2105 ,
434 2056 529 2096 debet
542 2058 654 2095 cessare
663 2058 778 2108 pariter
791 2055 882 2107 quod

85 2106 217 2157 Vrgebat
241 2123 250 2145 ς
301 2108 351 2144 uia
364 2105 442 2143 alius
457 2106 502 2143 est
521 2108 606 2142 ordo
622 2105 782 2155 legitimus
793 2135 805 2152 ,
823 2105 884 2142 alia

85 2156 252 2206 vsurpatio-
299 2156 326 2193 't
343 2156 458 2192 iterum
472 2184 483 2202 ,
512 2154 584 2191 licet
600 2166 730 2206 propter
754 2153 883 2191 hostiles

83 2204 225 2250 incursus
235 2215 289 2240 aut
311 2204 456 2241 incendia
467 2203 628 2254 repentina
641 2232 653 2250 ,
677 2202 727 2240 vel
743 2202 816 2239 alias
826 2217 881 2239 ne-

85 2252 234 2295 cessitates
244 2266 282 2289 vr
305 2264 391 2289 entes
421 2250 579 2303 suppellex
595 2250 790 2288 subditorum
802 2262 883 2288 tem-

87 2300 146 2352 plis
161 2265 509 2351 publicssgcustodienda
526 2299 633 2337 inferri
644 2299 734 2352 possit
746 2300 809 2347 (de
818 2313 886 2346 quo

87 2355 120 2387 in
129 2349 211 2386 libro
223 2349 263 2387 de
279 2348 457 2400 reparandis
475 2346 624 2396 Ecclesijs
643 2348 732 2399 plura
746 2348 837 2391 dixi)
851 2361 887 2386 ea

88 2410 196 2435 tamen
205 2396 377 2434 necessitate
390 2397 522 2434 cessante
534 2427 544 2444 ‚
555 2396 589 2433 in
604 2395 673 2434 loca
691 2396 821 2447 pristina
839 2411 886 2434 rc-

88 2446 163 2484 ferri
171 2444 265 2484 debet
273 2475 285 2493 ‚
303 2459 344 2483 ne
353 2444 466 2482 domus
497 2445 671 2482 riuatorum
684 2451 715 2481 δι
731 2444 884 2483 laicorum

89 2495 149 2533 esse
161 2492 306 2532 videatur
315 2507 364 2541 ca,
375 2507 447 2543 quae
502 2506 541 2529 eo
550 2492 651 2530 dicata
662 2493 706 2530 est
717 2522 728 2541 ‚
738 2496 794 2545 qui
805 2494 884 2530 olim

87 2544 187 2596 passus
198 2555 266 2579 non
277 2541 322 2580 est
334 2554 386 2579 vas
395 2555 452 2593 per
468 2541 623 2591 templum
633 2542 800 2579 transferri.
814 2555 838 2579 c.
850 2557 883 2579 2.

88 2594 122 2627 de
131 2589 385 2638 custod.zuc¹1arist.

39 2657 68 2704 fi
141 2638 270 2678 ‘sRatio
279 2637 446 2676 dubitandi
455 2638 501 2677 est
511 2666 523 2686 ,
546 2638 651 2722 grimo
659 2651 697 2676 ex
715 2653 755 2676 eo
766 2668 778 2687 ,
816 2640 883 2678 uod

93 2689 270 2741 imperator
294 2687 338 2724 ait
358 2716 369 2735 ‚
401 2685 445 2723 ob
467 2699 543 2725 nece
570 2698 676 2724 itatem
699 2688 766 2724 aeris
791 2652 886 2726 {lieni

89 2737 254 2776 dumtaxat
264 2765 276 2783 ³
301 2733 390 2776 causa
405 2737 536 2785 cognita
547 2764 559 2783 ‚
587 2735 705 2786 praedia
722 2737 884 2773 minorum

89 2785 221 2824 distrahi
233 2814 245 2830 ‚
257 2785 313 2819 tob
323 2792 410 2821 as-C.
420 2786 452 2818 de
462 2786 548 2830 prad.
557 2796 666 2820 minor.
681 2791 710 2821 ἀ
721 2794 832 2830 natura
843 2784 890 2821 di-

78 2834 203 2872 &ionis
220 2832 302 2869 illius
315 2831 463 2869 taxatiuae
473 2833 519 2870 est
530 2858 540 2875 ‚
554 2839 584 2869 ἀ
593 2833 701 2870 omnia
711 2831 770 2868 alia
780 2831 889 2870 exclu-

89 2881 165 2920 dere
189 2894 200 2917 ε
225 2881 372 2918 [finem
382 2891 459 2926 patr.
471 2880 599 2926 potestat.
618 2881 755 2918 trahitur
764 2880 828 2918 hoc
841 2891 890 2917 ta-

89 2943 164 2968 men
183 2931 218 2968 in
232 2940 454 2978 argumentum
466 2935 497 2966 &
506 2927 763 2978 consequentiam
776 2959 786 2977 ‚
801 2941 890 2980 quo-

90 2979 176 3016 niam
198 2989 328 3030 propter
344 2976 552 3015 necessitatem
573 2977 658 3015 dotis
668 2976 719 3015 vel
737 2977 890 3015 donatio-

92 3028 140 3064 nis
163 3037 296 3079 propter
311 3026 436 3080 nuptias
446 3055 458 3073 ,
491 3024 615 3075 alianue
631 3025 740 3064 similia
753 3056 765 3074 ,
783 3038 889 3062 rerum

91 3074 222 3112 minoris
241 3073 384 3111 venditio
400 3073 542 3125 permissa
567 3073 675 3117 est..1.
686 3080 787 3120 magis.
803 3072 841 3119 ff.
856 3075 890 3109 de

90 3125 140 3157 reb
170 3135 277 3160 eorum.
287 3122 364 3170 gloff.
377 3124 415 3157 ad
437 3125 493 3158 d.t.
510 3124 543 3157 ob
554 3134 599 3158 ιε.
625 3121 774 3160 Secundo
784 3135 822 3159 ex
834 3135 889 3170 eo,

91 3170 182 3218 quod
192 3167 341 3208 alienatio
351 3183 456 3207 rerum
477 3168 626 3209 Ecclesiae
639 3200 651 3219 ‚
678 3184 775 3221 quam
795 3169 890 3207 lusti-

92 3222 203 3266 m'anus
221 3219 256 3256 in
278 3217 450 3256 necessitate
467 3219 535 3258 aeris
551 3217 645 3256 alieni
656 3218 797 3275 legitime]
811 3231 892 3257 con-

930 256 1044 304 tratti,
1071 263 1102 293 &
1115 255 1373 294 redimendorum
1394 257 1594 307 captiuorum
1612 259 1729 308 permi-

746 321 755 343 ε
781 303 882 359 veluti
929 303 977 341 fit.
1001 306 1212 352 l.sanci2nus.C.
1227 306 1259 341 de
1266 305 1532 352 sacrosanc‘i‘aeccles.
1560 305 1726 345 adalimo-

925 354 1012 390 niam
1027 367 1203 405 pauperum
1216 384 1228 401 ‚
1255 353 1503 391 exstructionem
1516 353 1727 404 templorum,

926 408 956 437 ἀ
974 414 1180 451 augmentum
1197 402 1415 450 coerniterij,in
1426 415 1649 452 argumentum
1659 414 1728 441 tra-

924 449 1055 487 huntur.
1069 463 1251 487 maurum-12
1260 464 1334 496 ‚q.2.
1356 453 1470 489 Tertio
1483 467 1522 489 ex
1531 467 1571 490 eo
1580 482 1592 499 ,
1629 452 1721 504 quod

922 496 1000 535 boni
1020 498 1137 548 publici
1157 498 1332 536 neceffitate
1350 501 1571 538 introduaeftum
1592 500 1653 538 fuit
1669 502 1724 540 Se-

922 546 1191 585 natusconsultum
1205 546 1479 586 Macedonianum
1492 579 1504 596 ,
1531 563 1605 597 quae
1613 561 1723 588 tamen

921 595 955 632 in
964 609 1004 633 eo
1018 627 1031 645 ‚
1055 596 1095 634 de
1108 596 1154 633 fili
1159 596 1349 642 issamcauta
1359 595 1443 644 sunt,
1451 598 1484 634 in
1495 611 1722 647 argumentum

921 658 1055 697 quoque
1071 646 1123 682 seii
1136 645 1400 692 consequentiam
1417 645 1458 682 ad
1474 646 1654 684 filiasfamil.
1690 655 1724 686 δι

920 693 963 731 ad
979 705 1109 746 nepotes
1125 692 1362 744 producuntur.
1386 694 1490 740 l·s‘’dfi
1499 696 1624 743 paterfa.
1637 696 1722 742 ffiad

921 750 980 779 sc.
994 744 1138 778 Macedon.
1165 742 1291 789 Qarto
1303 756 1340 779 ex
1348 756 1409 786 eo,
1457 744 1523 782 uod
1540 743 1723 797 vbicunque

922 790 968 829 est
979 791 1089 828 eadem
1100 789 1182 828 ratio
1191 789 1244 827 vel
1252 792 1384 841 aequitas
1394 820 1407 839 ‚
1430 756 1477 829 ibi
1488 791 1582 830 debet
1598 794 1658 830 esse
1670 809 1723 831 ea-

920 839 995 877 dem
1008 840 1082 877 iuris
1103 838 1268 895 dispositio
1282 869 1294 888 ,
1319 843 1342 875 Ι.
1356 842 1422 875 illud
1436 842 1473 887 ff.
1491 843 1528 876 ad
1536 844 1557 879 Ι.
1570 844 1666 886 Aquis.
1690 850 1724 882 ὅς

920 901 993 939 quae
1018 899 1216 926 conueniunt
1237 889 1271 925 in
1297 888 1403 928 radice
1414 896 1446 927 8<
1460 890 1550 927 causa
1561 920 1573 938 ‚
1604 905 1727 930 conue-

919 947 1016 973 munt
1026 939 1120 974 etiam
1138 938 1172 974 in
1181 937 1295 974 effe-stu
1304 968 1317 985 ,
1339 950 1438 990 atque
1453 940 1487 976 in
1495 939 1725 980 constitutione

920 985 996 1022 iuris
1007 984 1138 1037 separari
1150 1000 1217 1023 non
1227 985 1365 1035 debent,
1381 986 1425 1031 Lfi
1435 988 1578 1035 domm-ff.
1589 991 1623 1023 de
1633 992 1726 1037 lega.

922 1040 954 1070 δι
967 1037 1042 1119 ἥξω
1064 1049 1131 1072 non
1151 1034 1279 1087 possunt
1292 1049 1402 1073 omnes
1421 1035 1544 1074 articuli
1562 1036 1726 1088 figillatim

922 1081 984 1133 legi
1009 1096 1043 1120 us
1068 1082 1298 1136 comprehendi
1315 1114 1327 1132 ‚
1352 1096 1576 1135 argumentum
1599 1086 1618 1123 a
1629 1086 1725 1126 fimili

922 1132 1015 1169 nullo
1033 1132 1135 1170 modo
1144 1131 1239 1170 debet
1248 1131 1386 1171 excludi.
1418 1137 1442 1172 1,
1452 1146 1507 1170 non
1514 1135 1633 1181 poffunt.
1641 1136 1681 1182 ff.
1689 1139 1726 1172 de

921 1182 1038 1227 legibus.
1062 1179 1187 1224 Quinto
1199 1193 1328 1233 propter
1336 1183 1556 1221 imminentem
1567 1185 1729 1223 necessita-

922 1240 987 1265 tem
999 1241 1109 1267 contra
1120 1230 1194 1267 iuris
1205 1228 1328 1278 regulas
1341 1230 1419 1268 nihil
1428 1232 1462 1268 in
1475 1232 1655 1270 vniuersum
1671 1237 1729 1273 νί-1

921 1276 1015 1315 detur
1031 1278 1089 1315 'esse
1108 1278 1349 1316 concedendum
1373 1305 1384 1322 ,
1412 1282 1495 1331 quia.
1511 1280 1624 1318 diserti·
1644 1283 1726 1322 dicit

923 1325 1081 1375 leianus
1091 1358 1103 1375 ,
1123 1341 1190 1365 non
1199 1327 1259 1364 effe
1274 1326 1503 1377 ignoscendum
1514 1330 1543 1367 ei
1555 1359 1568 1377 ‚
1593 1332 1651 1375 qui
1667 1331 1728 1370 ob-

922 1384 1014 1427 tentu
1032 1376 1221 1427 paupertatis
1239 1375 1482 1420 necessitatisve,
1517 1378 1726 1429 turpissimam

924 1434 1021 1460 vitam
1035 1426 1101 1474 agit
1112 1454 1126 1471 ,
1153 1426 1173 1461 l.
1181 1425 1288 1470 palam.
1301 1428 1332 1472 ς.
1343 1438 1398 1460 non
1408 1425 1496 1471 ‘'fl-ff·
1504 1427 1537 1461 de
1547 1431 1596 1462 rit.
1607 1433 1730 1476 nuptia-⁴

921 1484 996 1508 rum.
1034 1472 1078 1509 im
1102 1473 1274 1526 oniturdue
1283 1475 1311 1510 ei
1326 1474 1518 1522 poenitentia
1532 1506 1544 1524 ‚
1574 1477 1632 1528 qui
1645 1491 1725 1529 pro-

919 1532 991 1572 pter
1001 1535 1077 1559 nece
1090 1533 1214 1559 sitatem
1235 1519 1326 1559 famis
1346 1535 1402 1560 aut
1417 1522 1568 1560 nuditatis
1584 1554 1597 1572 ,
1635 1525 1726 1565 ciba-

921 1570 966 1606 ria
984 1600 996 1618 ,
1020 1571 1141 1608 vestem
1157 1569 1207 1607 vel
1219 1584 1312 1621 pecus
1322 1600 1334 1618 ,
1351 1572 1440 1617 cap.fi
1449 1578 1507 1616 quis
1519 1574 1552 1607 de
1562 1573 1663 1618 fum'e.
1672 1574 1730 1613 fu-

923 1630 1008 1655 ratus
1019 1619 1064 1656 est
1072 1649 1085 1666 ‚
1109 1618 1228 1656 &licet
1245 1619 1331 1657 caula
1343 1620 1427 1657 dotis
1448 1621 1486 1658 sit
1495 1621 1658 1660 necessaria
1670 1654 1683 1671 ‚
1700 1628 1726 1661 l.

919 1667 975 1712 fin.
989 1676 1026 1704 C.
1037 1670 1070 1703 de
1079 1669 1147 1703 dota
1154 1668 1275 1714 pronnff.
1300 1667 1433 1706 feudum
1447 1680 1553 1707 tamen
1569 1671 1603 1707 in
1613 1670 1725 1711 dotem

926 1728 1047 1766 genero
1056 1716 1124 1754 dari
1133 1730 1201 1754 non
1211 1717 1317 1766 potest
1329 1741 1342 1760 ,
1368 1716 1391 1754 si
1404 1718 1553 1756 dominus
1567 1732 1635 1756 non
1645 1734 1726 1758 con-

925 1766 1035 1804 sentiat
1044 1792 1055 1810 ,
1070 1778 1113 1802 ca.
1125 1782 1148 1806 1·
1165 1775 1196 1807 s.
1207 1767 1312 1802 donare
1323 1769 1446 1814 qualiter
1455 1770 1521 1803 olim
1524 1767 1645 1815 feudum
1658 1772 1729 1808 alie.

922 1823 1012 1861 poter.

979 1863 994 1902 †
1008 1863 1110 1902 Ratio
1120 1877 1199 1903 vero
1209 1863 1377 1903 decidendi
1384 1864 1443 1903 est.
1454 1865 1557 1913 Qod
1565 1866 1727 1919 exceptio}
1744 1880 1770 1925 7'

926 1909 1006 1954 sicut
1016 1914 1049 1950 in
1058 1912 1177 1950 casibus
1194 1915 1328 1964 exceptis
1339 1914 1429 1951 vitiat
1440 1913 1581 1963 regulam
1591 1943 1605 1962 ‚
1621 1920 1642 1953 Ι.
1653 1918 1723 1964 ¹·ff·

927 1963 989 1996 eod.
1014 1962 1057 1998 ita
1071 1962 1105 1998 in
1121 1961 1239 1999 casibus
1257 1976 1325 2000 non
1346 1963 1480 2015 exceptis
1493 1962 1664 2003 confirmat
1679 1982 1729 2005 re·

929 2008 1038 2059 gulam
1048 2040 1061 2058 ‚
1087 2012 1108 2045 l.
1117 2025 1126 2046 1
1136 2010 1212 2057 .ff.de
1219 2013 1325 2056 pecde.
1352 2010 1400 2048 Et
1407 2011 1496 2059 ideo,
1506 2012 1581 2060 quia
1591 2024 1642 2061 ea,
1653 2028 1729 2067 quae

930 2072 968 2094 ex
980 2058 1157 2096 necessitate
1173 2059 1316 2097 concessa
1326 2059 1396 2096 sunt
1406 2085 1418 2103 ,
1440 2072 1572 2111 propter
1588 2061 1733 2115 hancip-·

930 2106 993 2161 sam
1004 2107 1147 2161 regulam
1165 2107 1397 2161 exempta-sunt
1412 2134 1421 2146 ,
1448 2107 1589 2158 sequitur
1599 2139 1612 2157 ,
1636 2112 1729 2161 quod

917 2169 966 2192 »m
981 2168 1099 2192 caeteris
1116 2170 1183 2193 non
1200 2169 1335 2206 exceptis
1353 2156 1463 2194 eadem
1480 2157 1588 2207 regula
1603 2166 1635 2197 ἀ
1654 2161 1731 2198 iuris

932 2205 1109 2240 communis
1115 2203 1277 2256 dispositio
1286 2235 1298 2252 ,
1323 2203 1417 2242 debet
1424 2217 1550 2242 manere
1561 2205 1655 2245 firma
1663 2238 1676 2257 ,
1688 2223 1730 2248 ne

934 2253 1020 2289 aetus
1035 2254 1199 2302 agentium
1216 2267 1328 2290 eorum
1351 2252 1564 2291 intentionem
1583 2257 1730 2305 egredia-

933 2311 986 2337 tur
996 2330 1008 2348 ‚
1036 2305 1056 2336 Ι.
1071 2315 1126 2336 non
1139 2307 1237 2337 omnis.
1243 2301 1278 2348 ff
1286 2303 1311 2348 fi
1324 2313 1392 2336 cert.
1403 2312 1463 2348 pet.
1474 2308 1506 2338 ἀ
1515 2303 1647 2342 cessante
1656 2319 1732 2344 cau·

934 2349 963 2384 sa
987 2351 1179 2398 exceptionis
1201 2376 1211 2392 ‚
1248 2347 1457 2402 permissionis
1477 2376 1488 2392 ‚
1510 2352 1732 2399 concessionis,

935 2399 1042 2433 omnia
1053 2399 1166 2436 cessare
1186 2398 1324 2447 debent,
1349 2405 1381 2435 ἀ
1399 2399 1490 2447 quod
1506 2399 1547 2437 de
1569 2415 1636 2439 vno
1649 2402 1733 2441 dici-

937 2457 990 2482 tur
1000 2472 1010 2489 ‚
1035 2445 1076 2483 de
1092 2446 1156 2484 alio
1171 2459 1304 2497 negatur
1316 2477 1329 2496 ‚
1353 2459 1508 2494 cap.nonne
1521 2451 1554 2483 de
1571 2451 1733 2498 presumpt.

935 2500 965 2530 ἀ
982 2494 1015 2532 id
1032 2494 1123 2544 quod
1132 2496 1165 2534 in
1185 2510 1251 2533 vno
1268 2496 1484 2546 permittitur,
1496 2496 1530 2533 in
1546 2497 1611 2535 alio
1620 2499 1736 2549 prohi-

934 2541 1038 2591 betur,
1050 2547 1071 2578 Ι.
1079 2548 1284 2583 maritimo&
1293 2555 1404 2589 protur.
1417 2544 1521 2581 Ροιτό
1532 2557 1639 2582 autem
1648 2547 1736 2597 prio-

934 2589 1018 2627 ribus
1034 2591 1134 2628 tribus
1151 2592 1318 2630 dubitandi
1345 2593 1518 2630 rationibus
1530 2619 1538 2633 ,
1563 2593 1622 2631 hac
1639 2595 1736 2633 vnica

933 2638 1092 2677 solutione
1111 2641 1232 2678 occurri
1245 2640 1374 2692 potest,
1399 2640 1490 2691 quod
1507 2641 1585 2679 sicut
1597 2655 1665 2680 non
1682 2643 1731 2681 est

933 2701 1079 2736 nouum,
1106 2700 1143 2725 vt
1159 2690 1280 2740 priores
1295 2687 1380 2738 leges
1390 2687 1438 2726 ad
1457 2688 1646 2741 posteriores
1665 2703 1736 2729 tra-

934 2736 1052 2774 hantur
1064 2762 1074 2778 ,
1085 2743 1116 2773 &
1123 2737 1163 2773 ab
1173 2737 1221 2774 his
1239 2736 1440 2788 suppleantur
1449 2766 1462 2785 ‚
1487 2740 1506 2771 1.
1514 2750 1568 2773 non
1577 2737 1616 2785 est
1625 2752 1731 2776 nouum

928 2784 1005 2829 ffide
1016 2787 1101 2832 legib.
1125 2786 1167 2823 ita
1183 2799 1317 2840 quoque
1333 2799 1455 2822 nouum
1470 2799 1536 2823 non
1548 2787 1595 2824 est
1606 2813 1616 2828 ‚
1639 2787 1734 2837 quod

934 2833 1008 2872 licet
1022 2833 1116 2871 iudex
1135 2833 1278 2872 minister
1297 2833 1374 2882 legis
1385 2833 1436 2870 vel
1454 2834 1555 2872 homo
1572 2837 1606 2872 in
1636 2849 1735 2887 argu-

935 2890 1079 2919 mentum
1089 2883 1212 2920 trahere
1221 2896 1287 2920 non
1297 2881 1391 2933 possit
1401 2893 1436 2919 ea
1448 2912 1460 2930 ,
1488 2895 1560 2932 quae
1575 2882 1619 2920 ob
1627 2882 1733 2923 neces-

936 2929 1058 2967 {itatem
1077 2931 1249 2968 constituta
1262 2930 1332 2967 sunt
1352 2952 1362 2968 ‚
1384 2929 1434 2967 lex
1446 2937 1591 2968 tamen&
1605 2931 1733 2987 legisla-

936 2990 989 3016 tor
1003 2978 1123 3027 possit:
1149 2978 1323 3031 quodcum
1341 2977 1437 3026 facit,
1461 2992 1528 3016 non
1545 2980 1674 3028 proprie
1684 2981 1736 3021 di-

937 3027 1018 3064 citur
1034 3026 1068 3062 in
1083 3038 1306 3075 argumentum
1324 3026 1447 3063 trahere
1469 3052 1480 3070 ,
1517 3025 1568 3065 sed
1584 3030 1619 3066 in
1639 3028 1734 3070 simili

937 3073 1007 3112 casu
1017 3073 1103 3111 idem
1119 3074 1259 3127 expresse
1268 3073 1313 3111 dis
1335 3088 1450 3115 onere,
1468 3073 1611 3125 &legem
1620 3089 1735 3117 exuen-

938 3121 1024 3160 dere.
1047 3124 1177 3177 Semper
1190 3122 1276 3159 enim
1317 3124 1360 3158 eri
1371 3122 1476 3176 potest
1483 3123 1625 3163 extensio
1639 3129 1733 3165 vuius

936 3170 1014 3226 legis
1023 3185 1077 3222 per
1086 3171 1180 3208 aliam
1188 3171 1291 3219 legem
1303 3195 1314 3214 ‚
1343 3183 1439 3207 etiam
1447 3170 1470 3208 si
1485 3172 1519 3209 in
1528 3170 1598 3227 lege
1611 3173 1650 3212 'de
1665 3188 1733 3225 qua

935 3230 1041 3270 agitur
1052 3248 1066 3267 ,
1087 3219 1162 3258 esset
1185 3218 1343 3304 appositaC
1344 3218 1447 3257 diaio
1469 3231 1610 3260 taxatiua
1627 3238 1637 3262 ε
1659 3236 1735 3274 qua:

1353 3281 1371 3305 c
1396 3281 1416 3305 π.
1668 3283 1737 3309 non
1753 3297 1764 3314 ,
