2052 3562
107 188 124 202 “
330 184 451 238 ’,ΒΕ
495 188 1038 229 AMORTIZATIONE
1083 192 1400 234 BONORVM

92 276 156 307 rem
165 262 375 300 amortizatam
386 261 497 301 laicum
519 268 552 302 in
574 262 703 301 feudum
729 262 878 301 concedat

96 316 148 351 vel
161 317 193 352 in
206 325 279 351 toto
298 312 348 350 vel
359 316 391 348 in
403 325 485 362 parte
502 342 512 358 ,
538 316 586 352 vel
599 317 637 352 ad
657 325 779 362 tempus
792 338 802 354 ‚
829 314 878 349 vel

97 362 156 401 sub
176 363 357 401 conditione
384 378 392 398 ι
414 364 462 401 vel
480 378 513 402 vt
531 378 583 413 per
604 363 854 401 confiscationem
867 391 877 409 ,

96 413 198 450 aliisve
209 414 314 450 modis
326 413 486 451 reuerfiom
505 416 589 451 icuui
601 415 640 450 de
661 415 725 451 iure
737 411 879 461 defigna-

96 465 138 500 tis
148 463 188 500 ad
198 477 263 500 eam
275 463 372 500 redire
388 465 601 512 poffit,eodem
611 467 674 499 iure
685 465 812 506 vtimur,
823 464 877 498 sci-

96 513 169 551 licet
181 526 215 550 vt
228 514 310 550 nulla
328 517 524 559 amortizatio
538 513 720 551 desideretur
732 513 878 560 ,quando

94 577 131 601 ea
142 576 297 613 resssneque
313 563 419 612 prioris
439 564 685 601 amortizationis
694 563 877 612 qualitatem

61 624 64 629 ’
94 615 226 661 amittit,
238 628 335 663 neque
350 627 481 650 veterem
491 615 705 651 conditionem
720 625 876 648 naturam-

97 678 136 701 ve
147 663 255 700 laicam
266 663 388 713 proprie
399 665 543 711 resumit,
568 663 615 700 sed
639 664 678 700 ab
699 664 787 698 omni
799 661 877 698 eius-

98 714 188 760 modi
199 728 292 750 onere
300 713 392 749 semel
400 713 522 750 liberata
535 744 544 759 ‚
567 716 598 749 in
609 714 735 750 eandem
752 713 876 748 liberta-

97 765 139 801 tis
155 764 281 801 cauffim
303 763 398 800 redire
417 764 524 811 potest.
551 764 629 800 Alio
651 765 713 799 iure
724 765 840 798 vtimur
853 762 876 798 fi

97 819 161 859 (vt
181 813 264 850 idem
285 812 335 849 ille
347 826 388 849 aar
401 816 412 857 )
422 813 560 861 praelatus
579 812 718 850 Lcclefiae
738 813 786 847 ius
800 825 875 848 con·
903 820 907 821 ⁷

95 863 261 901 fiscationis
271 863 548 912 publicationisc'lue
558 863 669 900 babens
681 889 692 908 ,
715 862 796 899 bona
815 864 876 898 im-

93 912 223 951 mobilia
231 912 346 949 subditi
355 912 398 948 sui
413 912 619 962 delinquentis
629 915 737 949 nonin
747 910 875 949 feudum

43 984 46 988 ·
93 964 177 1013 prius
184 964 213 998 ei
224 962 355 998 conceffi
369 961 446 998 fisco
455 961 510 999 suo
521 963 667 1009 addicat,
685 975 737 999 aut
746 961 875 998 solemni

93 1014 157 1050 ritu
166 1025 213 1049 res
231 1011 408 1049 immobiles
420 1011 559 1049 Ecclesiae
574 1016 605 1048 in
616 1012 721 1048 laicam
741 1013 874 1061 aliquam

93 1064 251 1113 personam
264 1062 400 1111 legitime
411 1062 603 1100 transtulerit.
620 1069 664 1100 Vt
677 1065 762 1098 enim
773 1064 875 1111 priore

96 1112 163 1149 casu
173 1112 284 1160 absque
306 1114 454 1159 Principis
467 1112 618 1149 ’consensu
629 1127 661 1149 ea
672 1116 798 1149 retinere
810 1125 875 1149 non

97 1164 162 1200 non
172 1163 272 1211 potest
281 1186 292 1205 ‚
304 1166 341 1198 ne
350 1175 409 1211 qua
419 1161 498 1199 fraus
508 1164 655 1199 nimirum
668 1162 725 1212 legi
740 1161 793 1200 fiat
806 1188 814 1201 ,
825 1161 875 1197 sed

98 1211 261 1256 distrahere
270 1212 468 1260 compellitur
483 1228 493 1255 ;
516 1214 558 1249 ita
569 1225 693 1261 quoque
712 1213 876 1261 posteriore

96 1262 163 1299 casu
173 1288 186 1307 ‚
197 1263 268 1312 quia
280 1269 451 1311 praecedeus
461 1264 657 1299 amortizatio
667 1262 747 1301 illius
762 1262 875 1299 volun-

95 1323 158 1349 tate
166 1311 400 1363 [emelextinsta
414 1318 444 1349 δι
457 1312 586 1348 resoluta
599 1311 659 1348 fuit
673 1336 683 1354 ,
693 1312 803 1361 absque
816 1326 875 1348 no-

94 1374 140 1399 uo
151 1360 296 1398 consensu
310 1363 458 1409 Principis
470 1361 631 1398 coalescere
643 1375 735 1410 atque
749 1361 877 1399 reuiuis—

90 1426 159 1449 cere
169 1414 519 1461 nequit,argu.1.proprer.
526 1415 570 1455 §.1
579 1411 660 1458 ,ffad
667 1417 686 1449 S
692 1411 876 1461 .C.Syllian.

91 1468 124 1499 ἃ
136 1462 182 1498 ibi
194 1462 262 1498 Dd.
572 1463 576 1467 ⁸

81 1511 84 1514 ’
135 1511 251 1547 Tertio
259 1519 362 1547 earum
375 1520 475 1546 rerum
491 1508 704 1546 immobilium
721 1535 731 1554 ‚
754 1522 822 1558 quae
834 1509 874 1545 ad

92 1560 258 1609 donandas,
268 1558 438 1596 fundandae
448 1585 458 1604 ‚
469 1560 644 1608 reparandas
656 1585 666 1604 ‚
675 1558 727 1596 vel
741 1559 875 1608 amplifi-

89 1608 199 1647 candas
221 1609 369 1648 Ecclefias
395 1611 550 1656 pertinent
574 1638 584 1651 ‚
606 1611 874 1646 amortizationem

92 1659 279 1697 neceffariain‘
290 1673 356 1695 non
365 1661 430 1704 esse,
441 1672 503 1706 arg.
517 1662 536 1695 l.
547 1663 637 1705 placet
650 1686 659 1701 ‚
669 1662 705 1699 ἀ·
715 1661 753 1694 tbi
760 1660 832 1706 glos
840 1661 878 1693 ad

91 1711 168 1748 verb.
180 1711 312 1747 dedicata.
325 1716 361 1744 C.
373 1709 519 1756 desacros.
534 1708 630 1756 Eccles
649 1712 685 1748 ό
697 1712 810 1744 Gutltel.
825 1715 878 1742 Be-

90 1760 181 1801 nedic.
194 1761 223 1796 d.
237 1764 383 1795 laconum.
395 1771 443 1806 33.
458 1760 493 1798 (γ
511 1766 595 1805 Papo.
609 1759 646 1792 ad
667 1757 787 1805 censuer.
804 1764 835 1791 Βι
847 1770 877 1792 r-

92 1810 201 1856 bon.¹§.
213 1821 294 1856 479.
308 1807 499 1845 tradiderunt
517 1833 528 1852 ,
551 1805 679 1855 eamc‘lue
701 1809 731 1842 in
747 1821 809 1842 rem
823 1819 876 1842 va-

94 1860 156 1895 rias
172 1861 354 1896 Francorum
370 1860 496 1907 Regum
516 1856 753 1892 constitutiones
773 1868 875 1892 extare

90 1908 280 1946 olli-ruerunt.
293 1906 353 1944 Sed
363 1909 395 1944 in
405 1906 464 1946 hoc
475 1907 579 1943 nostro
594 1907 702 1954 Belgio
714 1904 810 1942 fimile
826 1907 875 1941 vi-

93 1956 168 1994 disse
178 1972 242 1994 non
253 1959 381 1994 memini
391 1983 402 2003 ‚
412 1955 531 1994 tametfi
545 1957 692 2005 Principis
704 1955 797 1990 nostri
811 1969 876 1991 ma-

94 2007 180 2044 iestas
189 2033 201 2051 ‚
212 2010 300 2044 cuius
320 2007 463 2043 consensu
477 2019 516 2042 ex
532 2005 755 2050 constitutione
766 2006 875 2041 Caroli

95 2061 139 2095 V.
154 2059 351 2107 Imperatoris
371 2056 516 2104 postridie
529 2058 618 2092 Non.
629 2056 789 2091 Nouemb.
803 2068 873 2091 ann.

95 2119 189 2152 1520.
199 2106 282 2143 edita
293 2131 304 2150 ,
328 2119 427 2154 neque
437 2105 613 2142 monasteria
626 2118 722 2153 neque
738 2103 850 2151 templa
865 2132 874 2145 .

93 2169 193 2205 neque
207 2155 309 2193 sacella
320 2168 400 2190 noua
413 2156 487 2204 erigi
500 2153 667 2203 possunt‚in
681 2153 875 2191 concedenda

93 2219 194 2243 rerum
217 2203 394 2242 huiusmodi
418 2208 537 2254 piarum
563 2208 595 2239 ’δέ
609 2204 645 2241 ad
658 2205 801 2239 diuinum
809 2205 876 2241 cul-

92 2265 162 2293 tum
195 2255 415 2304 pertinentium
440 2256 687 2290 amortizatione
700 2277 710 2296 ‚
737 2266 793 2302 pro
815 2253 876 2290 cle-

93 2307 211 2343 mentia
223 2331 233 2350 ,
243 2303 403 2347 difficilem
415 2303 444 2340 se
453 2303 583 2351 praebere
603 2317 667 2340 non
681 2300 766 2340 solen
786 2305 874 2339 Tum

93 2355 171 2392 νει-ὂ
180 2354 331 2404 quoniam
346 2367 379 2389 ea
389 2354 535 2399 cuiusque
554 2353 782 2391 constitutionis
798 2367 875 2388 con—

93 2405 177 2442 ditio
187 2404 231 2441 est
243 2410 274 2441 &
290 2415 394 2439 natura
405 2433 414 2446 ,
437 2401 594 2440 vt'futuris
614 2414 735 2438 tantum
748 2402 799 2439 det
811 2402 877 2439 sor-

79 2467 180 2491 .mam
192 2453 329 2502 negotiis
339 2477 351 2497 ,
371 2454 410 2490 ad
428 2453 579 2502 praetcrita
591 2450 664 2487 vcro
678 2452 804 2488 minime
816 2465 876 2489 rra-

97 2503 330 2552 hatur‚1.1eges.
343 2505 385 2537 C·
398 2501 438 2539 de
452 2502 544 2551 legib.
555 2515 583 2539 c.
595 2514 629 2538 vt
638 2502 820 2543 animarum,
835 2501 875 2538 de

97 2553 260 2590 constituti
278 2551 338 2588 lib.
352 2557 384 2588 6.
404 2552 483 2589 τεᾶὲ
500 2564 625 2600 quoque
638 2550 812 2588 admonent
827 2551 876 2596 jlli

97 2601 178 2652 leges
195 2602 438 2645 amortizationis
458 2613 590 2648 recenter
600 2600 673 2636 latas
693 2600 730 2636 ad
751 2601 877 2638 turban-

58 2678 63 2684 «
97 2651 169 2689 dam
184 2652 327 2702 praeteriti
338 2653 482 2701 temporis
493 2649 697 2700 poss‘essioncm
711 2650 810 2698 ‚nihil
821 2651 878 2688 ad—

99 2700 187 2739 ferre.

148 2745 271 2797 Qiarto
291 2761 347 2796 pro
369 2748 459 2784 variis
481 2750 643 2798 regionum
664 2748 802 2785 moribus
827 2759 879 2783 aut

57 2813 66 2824 ·
100 2797 218 2848 legibus
237 2811 282 2834 res
318 2796 495 2835 immobiles
524 2812 588 2835 non
611 2797 798 2834 amortizatae
829 2797 880 2832 vel

99 2848 242 2898 longiore
265 2845 314 2883 vel
339 2846 479 2883 breuiore
489 2860 628 2897 tempore
640 2847 779 2883 aduersus
795 2848 880 2882 Prin-

101 2900 200 2950 cipem
231 2896 379 2946 praescribi
406 2896 538 2944 possunt.
563 2903 599 2934 In
630 2895 776 2944 plerisque
801 2895 877 2931 locis

102 2962 161 2995 40.
181 2950 267 2984 annis
280 2972 290 2990 ‚
315 2958 350 2982 vt
371 2945 535 2982 Guilielm.
558 2946 715 2982 Benedici.
726 2947 759 2982 d.
783 2945 855 2982 loco
870 2970 881 2988 ,

101 3010 191 3034 num.
205 3009 235 3040 ς.
251 3000 357 3033 Franc.
373 2996 511 3042 Mignon
524 2996 556 3032 d.
569 2996 640 3031 loco
650 3008 706 3032 art.
726 3008 776 3041 37.
793 2999 880 3030 loan.

104 3045 218 3082 Zanso.
228 3046 266 3082 ad
279 3042 416 3082 consuet.
427 3044 588 3081 Turonen.
601 3046 673 3081 titu.
698 3044 738 3080 de
761 3044 884 3080 indem-

106 3097 150 3133 ni.
160 3107 220 3133 art.
234 3108 260 3133 1.
274 3092 408 3131 Masuer.
423 3094 475 3129 tit.
494 3093 534 3129 de
548 3092 705 3141 pra-script.
721 3096 754 3140 ξ.
778 3091 882 3129 itemst

108 3143 262 3189 Ecclesia,
283 3149 313 3180 &
339 3147 433 3190 Papo.
448 3142 481 3178 d.
494 3145 524 3189 ξ.
539 3154 618 3189 479.
638 3142 836 3179 attestantur:
852 3143 884 3176 in

109 3193 175 3228 aliis
190 3206 242 3239 30.
257 3193 353 3235 annis,
369 3189 497 3229 Rebuff.
509 3191 540 3226 d.
554 3203 644 3228 tomo
656 3205 686 3227 2.
696 3193 744 3227 tit.
755 3190 793 3226 de
805 3191 884 3227 liter.

108 3241 206 3278 dilato
227 3242 371 3291 gia-art.
387 3258 414 3280 ι.
425 3254 510 3277 num.
526 3254 582 3287 40.
595 3241 626 3276 in
636 3239 702 3277 aliis
711 3253 812 3277 autem
825 3247 881 3277 60.

1645 199 1690 245 48
1696 210 1713 234 1x

924 264 1006 301 clcfia
1018 267 1066 301 seu
1081 278 1187 302 manus
1200 279 1320 304 mortua
1339 280 1373 303 ea
1392 267 1476 304 bona
1493 266 1624 317 pacifice*
1637 272 1709 318 pp?

924 314 1001 352 sedit
1014 343 1023 360 ‚
1043 317 1060 351 a
1073 314 1148 352 fisco
1168 317 1206 351 ad
1217 325 1325 352 euacua
1335 318 1408 353 ndas
1430 331 1547 355 manus*
1560 315 1708 368 compelli

925 379 990 401 non
1004 365 1124 412 potest,
1145 379 1330 416 quamquam
1353 380 1405 404 aut
1427 369 1709 406 indemnitatem&

924 417 989 451 iura
1012 415 1126 453 soluere
1148 443 1159 461 ‚
1188 428 1240 453 aut
1261 430 1300 451 eo
1320 430 1449 453 nomine
1469 431 1540 454 curn
1566 421 1712 469 Principe

923 478 1111 512 componere
1129 477 1275 501 tencatur.
1301 466 1397 502 Porro
1417 468 1456 503 ad
1479 468 1525 503 ius
1539 477 1708 507 commune

923 515 1011 563 quod
1023 517 1134 551 attinet
1145 540 1155 558 ,
1174 515 1324 551 crebriore
1333 520 1478 553 iententia
1489 511 1708 566 receptumest,

924 564 1009 612 quod
1025 565 1096 600 licet
1108 578 1140 599 ea
1150 576 1218 614 quae
1231 567 1366 611 Principi
1386 567 1422 601 in
1442 565 1561 615 signum
1585 571 1709 605 vniuer-

923 613 987 649 silis
997 613 1143 660 dominij,
1156 627 1247 662 atque
1257 615 1399 661 supremae
1413 616 1570 662 potestatis
1581 617 1647 656 sunt
1658 632 1708 654 re·-

923 663 1035 700 seruata
1046 691 1057 710 ‚
1069 664 1132 701 vilo
1141 677 1280 711 tempore
1291 662 1439 711 praescribi
1451 679 1652 714 nequeant‚vt
1662 667 1704 705 est

924 715 1074 762 praestatzo
1092 713 1195 750 census
1210 718 1242 748 ὅ(
1255 715 1362 750 tributi
1374 740 1384 756 ‚
1397 714 1418 749 l.
1430 719 1591 763 competit.
1609 723 1651 754 C.
1664 719 1705 754 de

924 764 1085 812 praescript.
1101 777 1152 811 30.
1165 777 1273 799 annor.
1285 763 1374 799 Iason
1388 764 1426 800 ad
1440 765 1460 801 l.
1485 767 1657 813 imperium.
1673 767 1705 804 ff.

924 814 963 849 de
976 814 1126 851 iurisdi&.
1134 827 1222 851 omn.
1235 815 1327 850 indic.
1352 826 1453 850 tamen
1469 828 1504 850 ea
1516 829 1575 863 que
1588 831 1627 853 ex
1640 817 1704 866 ipe-

923 863 992 900 ciali
1001 863 1165 912 priuilegio
1178 868 1209 899 δε
1221 866 1421 913 praerogatiua
1437 866 1568 914 Principi
1587 868 1705 903 ratione

923 912 1069 961 suprema?
1082 914 1237 962 potestatis
1256 916 1487 958 conceduntur,
1510 917 1597 964 quod
1610 928 1713 966 genus‘

924 965 966 999 cst
989 965 1208 1010 amortizatio‚
1230 964 1447 1000 immemoriali
1467 978 1605 1014 tempore
1627 979 1707 1016 prte-

923 1013 1009 1049 scribi
1023 1014 1153 1064 possunt.
1170 1027 1196 1050 c.
1210 1014 1294 1062 super
1303 1013 1486 1064 quibusdam
1499 1041 1510 1060 ‚
1531 1021 1560 1051 8<
1576 1014 1620 1052 ibi
1633 1017 1702 1054 Dd.

924 1063 966 1099 de
983 1065 1074 1100 verb.
1095 1063 1244 1112 significa.
1265 1067 1369 1109 franc.
1396 1064 1509 1101 Baldus
1522 1065 1553 1102 d.
1578 1068 1650 1103 titu.
1664 1066 1705 1102 de

923 1112 1085 1163 praestripu
1106 1118 1211 1150 Franc.
1228 1114 1365 1161 Mignon
1381 1115 1455 1152 eod.
1467 1117 1539 1152 tim.
1555 1128 1610 1153 art,
1625 1129 1703 1161 422.
1728 1142 1729 1147 ,

925 1177 1011 1200 num.
1028 1179 1057 1211 ς.
1075 1162 1192 1200 tametfi
1205 1161 1376 1200 Molinius
1388 1165 1420 1200 d.
1433 1178 1519 1202 num.
1533 1171 1589 1202 60.
1603 1171 1632 1202 δι
1648 1171 1706 1204 61.

923 1214 1016 1249 ctiam
1027 1213 1166 1250 aduersus
1177 1212 1409 1261 dispositionem
1421 1214 1506 1250 istam
1520 1217 1595 1252 iuris
1606 1241 1616 1258 ‚
1627 1229 1706 1264 prae-

922 1261 1116 1311 scriptionem
1140 1262 1311 1299 istiusmodi
1331 1262 1367 1299 ad
1393 1264 1559 1300 ordinarias
1572 1264 1706 1314 praescri-

923 1315 1042 1361 ptiones
1052 1313 1167 1360 regulas
1189 1314 1327 1349 moribus
1346 1312 1475 1350 Gallicis
1484 1327 1637 1351 reuocatas
1650 1313 1706 1351 ellit

922 1363 1038 1404 afferat,
1057 1364 1201 1398 nimirum
1215 1361 1344 1410 respectu
1357 1363 1503 1398 laicorum
1516 1363 1554 1399 ad
1571 1377 1622 1409 30.
1642 1379 1700 1401 an-

924 1426 981 1449 nos
991 1437 1002 1457 ,
1024 1411 1156 1458 respectu
1180 1412 1252 1447 vero
1265 1411 1465 1448 Ecclefiarum
1477 1412 1514 1448 ad
1525 1426 1582 1459 40.
1592 1418 1623 1449 &
1633 1416 1706 1463 qui-

922 1464 992 1498 dem
1009 1462 1198 1509 potiffimurn
1211 1476 1273 1497 noa
1287 1463 1319 1498 in
1340 1461 1563 1497 detrimentum
1573 1461 1704 1510 supremi

929 1512 1086 1559 Principis,
1096 1510 1144 1548 sed
1155 1513 1185 1547 in
1197 1512 1408 1560 praeiudicium
1418 1510 1569 1547 inferioris
1579 1513 1705 1549 domini

923 1561 1037 1599 vasalli.

981 1608 1104 1657 Qinto
1129 1609 1326 1646 amortizatio
1347 1613 1376 1644 &
1401 1608 1524 1645 licentia
1544 1607 1616 1646 data
1641 1612 1706 1645 Ec-

923 1659 1014 1697 clefiae
1032 1673 1083 1696 aut
1097 1661 1199 1695 manui
1218 1671 1350 1694 mortuae
1365 1683 1376 1702 ,
1398 1671 1432 1694 vt
1451 1659 1534 1694 bona
1554 1660 1706 1695 immobi-

924 1710 963 1746 lia
991 1712 1118 1746 retinere
1141 1709 1251 1757 possit,
1279 1708 1336 1744 suis
1347 1708 1462 1744 finibus
1472 1708 1706 1756 constringi·de-

925 1761 976 1796 bct
990 1774 1069 1804 ,non
1092 1760 1182 1794 etiam
1194 1758 1233 1793 co
1246 1759 1394 1802 extendi,
1407 1771 1440 1794 vt
1452 1758 1481 1793 in
1496 1760 1560 1794 vim
1573 1757 1654 1794 illius
1665 1758 1705 1793 li—

924 1813 1030 1846 centiae
1054 1815 1083 1845 &
1100 1809 1343 1844 amortizationis
1358 1807 1423 1842 aliis
1433 1807 1470 1843 ab
1483 1807 1623 1843 intestato
1636 1806 1706 1843 suc·

924 1859 1029 1896 cedere
1039 1861 1140 1908 poffit.
1157 1863 1224 1895 Pet.
1235 1857 1360 1906 Belluga
1371 1857 1402 1892 d.
1413 1857 1486 1892 loco
1495 1854 1706 1894 f01.82.num.

927 1924 940 1957 3
974 1955 1070 1994 Sexto
1091 1958 1123 1991 in
1144 1955 1304 1992 locutione
1327 1957 1476 2002 temporis
1506 1967 1629 1991 centum
1651 1967 1706 1990 an-

926 2020 1037 2044 norum
1057 2033 1068 2052 ‚
1099 2018 1166 2054 quae
1192 2005 1231 2041 ab
1250 2005 1355 2053 aliquo
1378 2003 1521 2041 Ecclefiae
1540 2005 1589 2041 vel
1600 2005 1706 2040 manui

926 2068 1056 2092 mortuae
1070 2054 1108 2091 fit
1123 2081 1132 2098 ‚
1152 2055 1388 2091 amortizatione
1410 2054 1596 2091 consenst'rve
1605 2056 1707 2102 Regis

926 2120 977 2143 aut
992 2106 1141 2152 Principis
1151 2118 1229 2153 opus
1243 2119 1305 2140 non
1320 2104 1374 2139 elle
1388 2104 1485 2140 videri
1507 2104 1617 2151 posset,
1633 2106 1707 2149 quia

926 2156 947 2191 fi
974 2158 1045 2205 quis
1069 2168 1132 2190 rem
1151 2154 1281 2203 aliquam
1299 2153 1424 2190 alienare
1442 2153 1617 2202 prohibitus
1639 2151 1708 2190 fuc-

927 2207 991 2248 rit,
1004 2206 1116 2253 poterit
1127 2217 1194 2239 eam
1215 2205 1307 2241 etiam
1331 2204 1369 2238 ad
1391 2215 1514 2240 centum
1535 2215 1632 2239 annos
1652 2214 1709 2240 aut
1737 2206 1742 2211 '

926 2255 965 2291 (ὀ
976 2253 1104 2302 amplius
1113 2253 1240 2300 elocare,
1246 2258 1289 2301 gt.
1303 2254 1340 2288 ad
1348 2256 1367 2288 1.
1382 2255 1518 2288 codicillis.
1529 2251 1705 2300 §.instituta
1734 2284 1736 2286 ,

926 2309 963 2340 ad
973 2317 1013 2340 vet
1021 2306 1048 2341 b.
1064 2315 1146 2348 quam
1156 2303 1282 2349 sequetur
1293 2331 1303 2349 ‚
1314 2303 1392 2338 Bald.
1406 2308 1433 2335 N
1437 2305 1508 2338 ouel.
1518 2304 1548 2336 in
1558 2304 1660 2336 irath.
1671 2303 1707 2336 A:

927 2357 991 2390 dote
1000 2362 1078 2400 part.
1091 2367 1123 2399 7.
1135 2354 1267 2399 priuileg.
1284 2364 1311 2388 ι.
1325 2353 1396 2400 quia
1406 2350 1648 2399 finitoiempore
1658 2349 1709 2385 lo-

925 2404 1056 2440 cationis
1068 2400 1200 2438 omnir.o
1213 2401 1292 2437 redit
1311 2402 1347 2437 ad
1369 2401 1560 2442 locatorem,
1572 2405 1603 2435 &
1618 2398 1658 2435 sic
1668 2397 1711 2435 ad

927 2465 1052 2489 manum
1066 2451 1171 2487 laicam
1184 2456 1215 2487 &
1236 2452 1436 2488 morientem.
1459 2449 1532 2487 [ωό
1556 2448 1631 2487 ver&
1643 2462 1710 2485 non

928 2501 1038 2539 desinit
1058 2514 1103 2536 res
1122 2501 1176 2537 esse
1197 2502 1228 2537 in
1251 2514 1343 2537 manu
1364 2500 1439 2537 laica
1457 2505 1490 2536 &
1523 2501 1674 2536 moriente
1694 2525 1708 2544 ‚

928 2551 1181 2600 quandoquidem
1202 2549 1321 2586 locator
1337 2559 1442 2586 manet
1459 2549 1610 2595 dominus
1622 2547 1707 2583 dire-

929 2604 1007 2646 Cius,
1015 2604 1035 2637 Ι.
1052 2612 1080 2637 1.
1093 2603 1124 2648 ᾧ.
1136 2612 1162 2635 1.
1171 2599 1239 2646 ffifi
1247 2611 1315 2646 ager
1326 2602 1425 2646 vestig.
1445 2598 1505 2636 Sed
1518 2601 1550 2634 in
1561 2596 1710 2633 cono-211⁴

930 2665 984 2687 um
998 2650 1184 2698 vrgct‚quod
1199 2649 1316 2684 locatio
1328 2648 1412 2696 longi
1429 2647 1588 2694 temporis,
1600 2647 1710 2681 etiam-

931 2700 952 2736 Π
978 2698 1107 2747 εκρτοίῖἐ
1127 2710 1233 2746 agatur
1251 2697 1337 2744 quod
1368 2697 1487 2732 nullum
1517 2693 1713 2731 transferatur

931 2750 1108 2785 dominium
1127 2747 1175 2784 vel
1192 2750 1237 2781 ius
1263 2747 1293 2780 in
1315 2746 1562 2790 conducentem,
1582 2743 1714 2793 {Uspe-&a

931 2799 1018 2842 csta&
1028 2796 1235 2834 commoditas
1247 2793 1484 2839 stu&tium,quae
1492 2795 1530 2830 ad
1541 2791 1710 2841 tale'longfi

932 2860 1052 2896 tempus
1074 2849 1104 2882 in
1125 2846 1349 2881 conducentem
1362 2840 1484 2887 tranfit,
1504 2857 1559 2892 pro
1579 2856 1647 2878 vera
1657 2841 1711 2877 ha-

933 2897 1022 2934 betur
1031 2896 1210 2931 alienatione
1223 2894 1255 2931 in
1265 2893 1587 2940 materiaprohibitiua
1596 2892 1634 2927 ad
1644 2895 1713 2928 eui-

934 2946 1058 2983 tandam
1075 2942 1223 2980 fraudem.
1235 2944 1315 2978 Bald.
1326 2946 1356 2977 in
1365 2944 1494 2979 authent.
1506 2944 1555 2976 hoc
1565 2942 1676 2986 ius,c01.
1686 2953 1713 2976 1.

935 3005 970 3031 C.
987 2993 1190 3040 desatrofanst.
1205 2991 1304 3037 Eccles.
1319 2992 1415 3027 Fabia.
1427 2994 1459 3026 de
1468 3003 1545 3027 mon.
1558 2994 1587 3024 in
1599 2991 1714 3025 traebat.

935 3046 968 3079 de
977 3053 1061 3088 empt.
1075 3041 1194 3087 quastio.
1203 3041 1320 3086 princip.
1350 3038 1449 3087 quasi.
1461 3042 1525 3074 vlti-
1534 3040 1631 3073 Molin.
1643 3039 1670 3072 d.
1681 3038 1715 3083 ξε

936 3089 1200 3140 41.quaest.8.nmn.
1218 3094 1267 3136 36.
1282 3053 1373 3134 ιἠἶη.
1390 3090 1512 3123 Didacuc
1522 3088 1714 3122 conatuum

934 3145 1025 3188 prust.
1041 3139 1426 3185 quast.11b.2.cap.16.num.
1447 3136 1656 3180 1.r1·uque1.de
1669 3146 1717 3168 re-

939 3195 1017 3227 tract.
1027 3194 1084 3235 §.n
1086 3191 1144 3234 glo.
1155 3201 1204 3233 ¹4-
1214 3199 1294 3221 num.
1307 3189 1363 3226 84.
1375 3184 1553 3231 ειιιηῖεᾳαεη.
1560 3181 1661 3231 solerq'³
1668 3192 1718 3227 per

941 3239 1087 3276 Barros&
1096 3239 1166 3271 alios
1179 3240 1208 3270 in
1219 3237 1247 3272 d.
1264 3234 1436 3282 §.instituam
1445 3234 1590 3269 sententia
1602 3237 1721 3267 Accur-

108 3293 207 3334 annis,
220 3289 339 3329 Molin.
347 3291 380 3329 d.
393 3290 476 3336 loco,
488 3303 573 3326 num.
586 3294 642 3327 60.
653 3290 765 3338 quibus
779 3288 799 3325 si
823 3293 887 3326 [c-
941 3286 974 3330 fii
996 3286 1149 3334 reprobari
1172 3311 1180 3328 ,
1200 3283 1333 3321 maxime
1352 3282 1424 3319 cum
1449 3282 1524 3320 vtile
1543 3283 1720 3318 dominium

1334 3330 1384 3368 ss
1684 3340 1723 3365 ex
