2052 3562
313 195 391 231 DE
439 192 634 231 TESTA
662 191 896 236 MENTIS

4 277 7 280 ·
41 294 49 300 ,
100 261 211 312 partim
221 261 314 299 etiam
328 258 542 296 commetibus
564 254 692 292 accedit.
715 256 799 290 Deli.
815 257 845 289 in
861 257 887 294 l.

101 313 195 349 vltim.
212 319 249 348 C.
260 312 293 345 de
303 311 401 346 donat.
414 320 477 344 cau.
489 317 576 343 mort.
589 312 620 342 &
641 302 804 353 dispositio
817 304 868 340 stri
877 325 890 331 -

101 361 144 396 ἃί
154 362 227 398 iuris
248 359 378 408 loquens
400 361 432 395 in
442 357 508 394 casu
517 356 646 405 fimplici
660 353 826 391 nonhabet
840 353 892 389 lo-

101 422 173 446 cum
188 413 221 446 in
246 409 312 447 casu
334 411 447 446 mixto.
467 416 525 443 not.
536 410 567 442 in
577 407 668 442 l.2.in
674 406 800 450 princip,
807 402 842 448 ff.
859 405 891 438 de

101 462 182 496 verli.
191 460 364 506 obligboct.
376 466 478 494 Antan.
493 459 523 491 in
530 465 644 502 prooem.
659 461 790 489 Decreta.
805 456 887 488 Alex.

99 509 465 555 confil276.num.rz.lib.
479 517 510 554 5.
525 505 624 554 [ddue
639 506 671 539 in
689 515 778 537 coeco
790 527 801 544 ‚
818 501 890 537 vsu-

5 537 13 550 N

15 579 21 587 »
48 575 50 586 1
100 560 203 603 ratio,
223 563 254 593 &
279 558 346 602 aliis
372 560 426 608 q'ui
443 570 506 592 non
518 553 573 591 nisi
583 555 665 590 certa
675 550 775 588 forma
786 552 885 588 testari

98 606 410 656 poffunt,responsum
420 607 509 652 est‚vt
523 605 637 646 seilicet
650 603 764 652 poffint
777 614 811 637 ea
820 600 886 638 for-

99 670 151 694 ma
162 670 226 694 non
234 658 392 695 obseruata
407 659 520 693 mortis
531 654 612 690 causa
622 655 748 697 donare,
759 651 886 702 Aloyfide

99 706 192 756 Perus.
219 709 294 743 inter
322 707 415 754 confit.
445 707 527 742 Bald.
543 708 615 747 380.
627 703 678 739 lib.
692 717 725 749 q.
743 704 882 740 &Mara

0 738 12 788 l:
55 783 77 796 .-
98 758 232 806 Angebel.
245 758 318 805 confi
328 756 386 803 seq.
401 758 460 791 eod.
473 757 520 790 lib.
532 758 601 800 Ripa
613 757 643 787 in
659 755 679 790 l.
700 766 728 786 2.
737 749 883 796 ffideleg.

47 828 51 832 ·
106 806 305 846 ῃόῖΡνοΙιιιε
328 809 357 840 in
379 816 442 851 cap.
459 802 641 850 quamquam.
660 812 767 836 numer.
785 811 833 845 15.
852 801 885 833 de

38 862 40 867 '
97 857 174 904 vsur.
186 859 217 891 in
231 860 263 892 6.
283 863 404 902 Roman.
417 857 448 890 in
471 857 490 889 l.
502 862 563 887 tam
581 858 612 887 ia.
618 851 655 897 ff
665 852 697 884 de
706 852 805 892 donn-2
812 860 880 893 cau.

55 947 59 954 x
96 916 182 943 mort.
209 903 358 941 Similiter
380 903 540 940 filiusfam.
562 901 661 951 potest
676 900 786 934 mortis
799 896 882 934 causa

96 955 215 992 donaro
222 956 386 992 accedente
398 955 490 1003 pati-is
501 950 645 988 consensu
661 976 671 994 ,
697 949 768 984 licet
784 948 882 984 testari

51 1016 57 1029 ³
96 1018 162 1042 nou
172 1005 318 1053 poffit‚d.l
332 1006 572 1050 tam.1'5.§.r.Vt
583 1001 634 1036 hic
648 1000 769 1036 interim
784 1001 884 1034 omit-

95 1065 198 1091 tamus
217 1055 366 1104 generalia
389 1055 438 1090 illa
458 1056 518 1088 iam
551 1049 678 1099 persaepe
709 1048 877 1089 inculcata,

0 1129 5 1139 ι
95 1104 189 1153 quod·
199 1105 345 1142 statutum
359 1104 419 1140 hoe
436 1101 473 1139 fit
484 1103 577 1138 stricti
589 1103 662 1138 iuris
675 1127 686 1146 ,
697 1104 728 1136 δι
744 1098 831 1150 quod
843 1112 882 1133 0-

5 1154 12 1196 ]
39 1173 43 1176 ·
95 1153 273 1198 diosum,&
289 1153 409 1191 fimilia.

0 1213 3 1224 ‘
142 1205 202 1241 Sed
223 1219 281 1253 ego
302 1207 333 1240 in
358 1205 476 1241 Alciati
503 1207 599 1251 partes
623 1198 763 1244 transeo,
785 1198 882 1247 quiin

93 1254 144 1291 lib.
159 1269 173 1290 z
182 1283 189 1292 .
200 1256 234 1290 de
245 1253 485 1301 verb.fign1f.col.
500 1265 535 1301 25
545 1281 552 1289 .
564 1252 657 1298 verfic,
674 1260 732 1287 Lex
741 1254 781 1284 ait
793 1265 801 1283 a
816 1254 884 1282 Ma-

95 1307 178 1340 ritus.
204 1309 393 1341 contrarium
429 1305 595 1346 obtentum
623 1303 679 1339 esse
701 1300 744 1336 ait
758 1312 767 1333 ε
779 1303 811 1333 &
824 1298 883 1331 ad-

92 1351 275 1390 sentientem
289 1354 387 1392 <habet
413 1353 531 1390 charra.
552 1356 590 1388 ad
599 1354 721 1400 consuet.
734 1347 882 1394 Burgund.

95 1405 157 1440 rub.
170 1407 216 1439 des
225 1406 336 1440 droiaz
350 1409 383 1442 ὠ
412 1413 524 1450 appert.
543 1403 562 1438 ἂ
573 1414 650 1449 gens
666 1411 740 1437 mar:
753 1400 785 1444 ᾧ.
799 1411 834 1439 7.
847 1398 884 1430 ad

94 1455 169 1488 verb.
177 1463 233 1500 par
249 1453 357 1502 testam.
374 1464 483 1489 numer.
503 1466 555 1489 20.
565 1456 650 1495 Nam
666 1449 818 1497 imprimis
828 1446 884 1492 qui

95 1500 192 1551 legare
204 1517 271 1539 non
282 1502 381 1551 ffitest
393 1526 403 1541 ‚
425 1515 480 1537 nec
503 1501 619 1537 donare
631 1505 650 1523 *
675 1497 760 1534 caula
772 1499 885 1532 mortis

39 1555 51 1567 '
94 1553 207 1600 potest,
217 1555 235 1588 l.
250 1553 395 1587 Marcellus
410 1549 445 1596 ff.
458 1552 489 1585 de
499 1563 570 1587 nior.
585 1562 649 1586 cau.
660 1550 755 1583 donat.
773 1548 810 1585 ἐν
821 1547 884 1580 aliie

89 1605 238 1650 permultis
249 1613 316 1647 quas
327 1603 411 1637 retuli
423 1602 472 1637 lib.
490 1617 515 1638 1.
533 1597 801 1649 cap.7.praesertim
810 1593 883 1630 tum

93 1650 293 1688 illedefeetus
312 1651 452 1699 procedit
475 1663 514 1686 ex
537 1652 622 1686 vitio
645 1646 775 1685 naturali
799 1669 809 1687 ,
830 1659 884 1681 ve·

16 1704 38 1755 l'
92 1699 604 1745 lutieximbecillitateiudicij,l.
626 1715 654 1738 1.
691 1726 699 1734 .
717 1713 743 1735 1.
752 1695 883 1741 ffdetu.

92 1754 142 1789 tel.
153 1753 190 1791 ῤ’
202 1752 288 1787 ratio.
300 1749 418 1798 distrah.
439 1750 491 1786 vel
515 1749 588 1786 cum
600 1750 694 1786 etiam
704 1749 782 1782 inter
795 1746 887 1780 vinos

91 1801 209 1838 donare
217 1814 283 1836 non
293 1799 395 1836 liceret
409 1825 417 1842 ,
425 1800 504 1846 gloff.
519 1802 549 1834 in
563 1802 580 1834 l.
595 1802 642 1843 qui
656 1799 684 1833 id
699 1796 808 1841 quod§.
822 1806 886 1828 mu-

92 1860 146 1886 ηε.
156 1847 192 1898 ff.
204 1852 236 1884 de
244 1850 347 1886 donat.
360 1853 440 1885 Alex.
467 1852 503 1888 ό
527 1848 610 1894 Iason
623 1851 654 1882 in
667 1851 687 1882 1.
702 1845 836 1891 discrelis.
850 1849 905 1877 C.-

91 1905 140 1945 qui
160 1897 334 1947 testamfac.
347 1899 405 1947 pos.
423 1899 526 1934 Didac.
551 1898 588 1932 ad
600 1898 664 1931 rub.
677 1897 710 1930 de
722 1892 884 1941 testament.

91 1960 205 1985 numer.
234 1961 284 1987 11.
299 1952 330 1983 in
345 1947 402 1992 fin.
416 1949 518 1995 Atqui
532 1946 582 1982 hic
604 1946 729 1982 videtur
740 1945 886 1980 statutum

47 2039 52 2047 ,
91 1996 246 2047 respexisse
263 1996 477 2034 veldefeeturn
494 1996 675 2041 naturalem,
689 1994 749 2029 hoc
759 1992 812 2037 est,
827 1994 887 2026 im-

92 2047 294 2086 becillitatem
307 2045 425 2096 consilij
440 2045 621 2090 muliebris,
643 2044 692 2081 vel
707 2043 787 2079 certe
798 2041 887 2090 quod

92 2099 173 2135 inter
193 2098 339 2145 coniuges
362 2097 497 2133 donatio
519 2098 598 2132 inter
613 2097 705 2131 viuos
717 2106 781 2128 non
793 2091 886 2128 subfi-

92 2146 195 2193 stit.ff.
210 2151 247 2186 θ
259 2153 294 2182 C.
308 2148 341 2182 de
349 2149 473 2182 donatio.
492 2148 570 2181 inter
585 2147 639 2180 vir.
655 2146 691 2184 ὠ
714 2153 798 2179 vxor.
813 2146 885 2178 Vn-

91 2197 133 2234 de
143 2195 164 2233 fi
175 2202 205 2233 &
218 2196 352 2233 donatio
375 2199 456 2232 inter
469 2208 522 2230 eos
534 2194 708 2243 regulariter
723 2205 787 2228 non
805 2190 886 2228 valet

93 2249 159 2284 iure
182 2247 372 2292 communi,
395 2251 425 2282 δι
448 2244 582 2292 legatum
604 2245 731 2292 quoque
761 2255 812 2290 per
829 2242 887 2277 sta-

95 2309 199 2334 tutum
218 2295 339 2332 tollitur
361 2322 371 2339 ,
410 2295 494 2332 causi
522 2296 633 2330 mortis
655 2293 789 2329 donatio
800 2304 887 2340 quo-

94 2346 197 2383 modo
217 2345 336 2382 exclusa
355 2359 419 2381 non
451 2344 623 2381 censebitur
647 2348 660 2378 ἔ
682 2342 776 2379 Adde
796 2343 884 2390 quod

36 2430 56 2439 γ,
92 2395 241 2433 statutum
256 2395 316 2431 hoc
328 2395 467 2443 loquitur
491 2391 684 2442 prohibitiue
699 2417 709 2435 ‚
747 2405 785 2428 ne
807 2404 886 2427 con-

53 2446 55 2449 ’
95 2445 176 2481 iunx
197 2447 324 2493 coniugi
349 2444 466 2493 aliquid
478 2442 558 2492 leget
582 2459 593 2478 .·
628 2439 762 2490 ideot'iue
775 2453 888 2489 quem-

17 2500 19 2502 ’
62 2505 64 2507 “
96 2507 230 2543 cumque
264 2493 396 2530 modum
429 2493 614 2542 disponendi
647 2492 679 2528 in
716 2488 884 2528 vtilitatem

101 2545 244 2594 coniugis
258 2543 365 2581 tollere
387 2543 511 2580 videtur
535 2567 545 2588 ,
582 2541 656 2577 licut
674 2541 819 2577 statutum
833 2553 885 2589 per

97 2594 190 2631 verba
200 2593 389 2643 proliibitiua
401 2607 438 2630 ne
447 2594 515 2641 quis
530 2594 620 2640 poffit
631 2590 746 2627 donare
755 2615 766 2631 ,
793 2603 884 2625 com-

97 2643 260 2691 prehendit
284 2645 378 2679 etiam
406 2642 610 2679 donationem
643 2641 727 2676 causa
745 2641 855 2676 mortis
872 2663 883 2683 ,

96 2706 134 2731 vt
146 2698 189 2731 ait
201 2693 290 2730 Bald.
307 2694 343 2727 ad
351 2701 414 2737 cap.
430 2704 440 2726 ι
452 2719 459 2728 .
470 2693 502 2726 de
508 2692 617 2737 prohib.
623 2690 702 2738 seud.
714 2692 828 2725 alienat.
834 2700 885 2734 per

97 2745 204 2780 fredar.
218 2747 249 2778 in
257 2745 381 2788 princip.
395 2744 446 2777 col.
461 2755 494 2787 4.
506 2740 603 2784 verfic.
624 2738 754 2786 Qaerofi
767 2738 880 2785 vasallo.

99 2794 270 2841 &sequitur
280 2793 318 2826 ibi
341 2793 423 2829 noel.
447 2791 526 2826 Carti
546 2801 609 2823 cvm
621 2795 699 2824 Aret.
715 2789 781 2823 adl.
794 2789 884 2831 quiin

94 2841 230 2889 potestate
234 2840 269 2888 ff
283 2842 315 2875 de
328 2839 434 2884 testam.
448 2845 479 2876 &
492 2839 636 2888 probatur
657 2837 679 2873 l.
703 2834 725 2871 fi
746 2838 815 2884 quis
836 2848 883 2870 ar·-

24 2891 32 2933 ,'
60 2905 64 2914 ·
92 2903 240 2939 gentum.
262 2893 306 2926 C.
338 2890 377 2926 de
397 2889 504 2926 donat.
533 2900 601 2936 quae
631 2884 885 2923 tametficxorbi-

15 2945 20 2956 ¹
80 2940 81 2944 ¹
99 2953 166 2978 tans
176 2942 269 2977 etiam
290 2941 321 2975 in
343 2938 516 2975 donatione
537 2936 621 2973 causti
645 2939 758 2972 mortis
778 2934 883 2970 locum

100 2990 204 3028 habet.
218 2997 298 3024 Bait.
309 2990 389 3024 Βαλᾶ.
404 2990 441 3027 (9¹
455 2991 503 3033 aiij
521 2989 558 3022 ad
568 2990 588 3023 Ι.
599 2998 662 3022 cum
673 2988 799 3032 pater.§.
814 2991 883 3019 Ma-

104 3044 161 3078 uio.
169 3039 205 3085 ff.
221 3041 254 3074 de
262 3041 335 3084 lega.
351 3051 381 3072 2.
394 3033 452 3089 latii
471 3040 566 3081 tiraq.
582 3038 620 3072 ad
632 3035 835 3081 1.]ῐνιηᾳιιαηι.
847 3035 885 3068 ad

101 3092 176 3126 verb.
188 3090 337 3125 donatione
347 3089 476 3132 largitus.
487 3097 565 3120 num.
582 3097 654 3121 200.
670 3092 702 3120 C.
708 3086 742 3119 de
752 3095 882 3119 reuocan.

71 3176 73 3179 ,
103 3140 199 3174 donat.
220 3137 335 3176 Tertio
347 3137 480 3171 donatio
494 3133 577 3171 causa
592 3135 703 3170 mortis
714 3133 882 3181 aliquando

103 3188 261 3236 participat
273 3186 312 3222 de
321 3198 426 3222 natura
438 3185 556 3222 vltimae
568 3182 751 3222 voluntatis,
763 3188 793 3218 &
808 3193 882 3218 tunc

104 3237 306 3284 aequiparatur
329 3234 444 3277 vltimae
480 3233 634 3271 voluntati
643 3257 655 3281 .³
674 3234 755 3268 Bald.
779 3234 880 3278 Angel.

104 3287 285 3328 &tmolaaed
303 3278 331 3321 ἃ.
341 3281 398 3322 1.2'.
407 3284 446 3330 ff.
455 3286 488 3321 de
509 3287 594 3330 legat.
620 3281 806 3328 1.rr·raq.‘dee
824 3285 883 3317 iure

943 190 1202 230 cornuve:
1252 193 1357 232 ΜΒ.
1405 195 1480 232 tv.
1665 198 1725 242 635

935 254 1096 300 primogen.
1110 254 1202 301 (μειβ
1217 267 1234 289 2
1241 268 1268 301 3.
1281 267 1361 293 num.
1377 269 1430 296 ιο.
1443 253 1538 294 Nihil
1556 267 1658 292 autern
1669 256 1732 292 du—

938 305 1009 338 bito
1024 306 1102 351 quin
1129 304 1189 339 hoc
1210 303 1277 341 casu
1299 305 1369 354 plus
1391 307 1552 356 participet
1573 305 1612 341 de
1625 318 1731 342 natura

937 352 1055 389 vltimae
1067 352 1259 398 voluntatis,
1280 368 1351 392 cunt
1373 369 1440 392 non
1467 354 1522 392 nili
1534 367 1636 391 morte
1650 362 1730 391 con—

936 404 1017 450 iugis
1048 402 1193 442 effoetum
1213 403 1358 441 sortiatur
1384 420 1393 442 :
1413 410 1445 443 &
1467 405 1635 455 praesertim
1654 418 1730 441 curn

935 455 1114 490 communis
1140 453 1290 491 sententia
1310 454 1346 491 fit
1366 480 1378 497 ,
1404 455 1610 492 donationem
1643 455 1729 492 causs

935 503 1048 538 mortis
1060 504 1157 551 magis
1180 505 1322 540 accedere
1344 504 1448 553 legato
1471 507 1566 554 quam
1605 515 1729 540 contra-

933 553 998 587 &ui
1018 576 1030 593 ,
1066 566 1159 601 atque
1193 554 1371 603 regulariter
1405 555 1525 592 vltimae
1568 554 1727 591 voluntati

933 604 1112 649 aeqniparari
1125 629 1133 644 ‚
1148 612 1220 637 text.
1234 605 1255 640 l.
1268 605 1343 638 iuud.
1353 603 1391 649 ff.
1406 606 1439 638 de
1448 605 1546 640 donat.
1561 603 1634 650 caus
1640 613 1725 641 mort.

931 652 1016 697 Iason
1027 656 1121 687 multu
1130 654 1261 696 exemplis
1271 655 1301 687 id
1310 653 1532 701 commonstrans
1540 656 1572 688 in
1582 652 1727 699 Lsemum·

932 700 1219 748 C.quitestam.fac.
1237 701 1296 748 pos.
1321 701 1520 748 Parificonfil.
1543 706 1600 747 46.
1623 704 1673 740 lib.
1688 715 1725 748 4.

930 755 1019 784 Ruin.
1032 753 1062 785 in
1073 753 1100 786 d.
1112 753 1133 787 l.
1147 764 1175 785 2.
1188 754 1285 797 Tiraq.
1301 753 1334 785 de
1347 752 1432 796 legib.
1453 753 1572 786 connub.
1592 753 1676 797 gloff.
1695 765 1724 798 3.

928 800 966 832 ad
977 802 1054 837 verb.
1069 802 1204 836 contrad.
1217 802 1250 846 ς.
1268 800 1405 834 Praerereai
1432 801 1564 836 donatio.-
1575 813 1653 836 nmn.
1665 805 1721 837 62..

929 848 1091 884 Postremo
1105 854 1124 872 *
1153 848 1181 884 si*
1195 851 1240 885 ita
1264 850 1380 885 donare
1399 851 1488 889 liceat
1498 848 1581 885 causa
1591 852 1701 886 mortis
1713 877 1726 895 ‚
1774 843 1785 865 ³

929 899 1007 945 quid
1019 900 1077 936 erit
1087 898 1207 936 facilius
1217 899 1313 948 quam
1326 898 1465 936 fraudem
1477 912 1591 947 ponere
1606 900 1723 937 statuto

929 950 1168 986 &tantumdem
1189 961 1241 995 aut
1253 949 1322 998 plus
1335 951 1416 985 inter
1438 950 1610 985 testandum
1632 950 1728 993 telin„

928 1010 1021 1047 quere
1052 999 1138 1035 causa
1158 1002 1283 1046 mortis,
1292 998 1345 1036 etfi
1371 999 1515 1047 improbe
1525 998 1726 1037 fortaffisex-

929 1060 1013 1085 torta
1033 1074 1044 1094 ,
1062 1050 1158 1098 quam
1177 1048 1280 1098 legato
1302 1049 1450 1098 relinqui
1466 1049 1634 1097 pottiisset3
1659 1053 1724 1087 Vi-
1759 1061 1769 1066 ”

928 1097 1038 1135 demus
1057 1101 1140 1135 enim
1156 1103 1211 1136 vix
1224 1099 1284 1136 vlla
1308 1098 1396 1135 scribi
1424 1099 1603 1138 testamenta
1619 1125 1629 1144 ‚
1650 1113 1721 1149 quae

929 1162 993 1185 non
1012 1148 1174 1186 clausulam
1198 1149 1284 1186 istam
1298 1149 1334 1194 ,[
1348 1153 1381 1185 Si
1413 1163 1477 1186 non
1500 1150 1580 1190 valet
1599 1152 1663 1186 iure
1675 1163 1725 1188 te·-

929 1199 1070 1235 stamenti
1083 1225 1094 1244 ,
1115 1198 1214 1235 valeat
1229 1212 1264 1236 vt
1288 1200 1423 1236 donatio
1442 1200 1528 1236 causa
1548 1203 1681 1247 mortis,
1696 1204 1725 1249 e]

929 1248 1078 1285 adiectam
1097 1248 1228 1285 habeant
1241 1275 1252 1293 ,
1280 1249 1375 1297 idque
1390 1248 1440 1287 vel
1457 1262 1496 1286 ex
1516 1262 1622 1286 ruente
1634 1251 1728 1287 testa-

929 1310 1034 1334 torum
1049 1324 1060 1341 ,
1085 1298 1134 1335 vel
1158 1312 1197 1334 ex
1215 1297 1358 1336 formulis
1381 1301 1556 1336 mixtorum
1581 1300 1728 1337 tabellio-

929 1361 1027 1389 uum,
1040 1358 1072 1384 vt
1082 1351 1124 1383 ait
1148 1350 1306 1385 Euerardus
1318 1349 1402 1392 confi.
1418 1361 1468 1387 21.
1490 1353 1599 1398 Itaque
1618 1351 1728 1387 rariffi-
1764 1360 1767 1363 '

929 1397 980 1432 me
1000 1396 1215 1434 statutolocus
1239 1397 1308 1435 effet
1323 1425 1334 1441 ,
1363 1397 1551 1447 tandemQue
1566 1402 1597 1436 in
1608 1400 1728 1436 deridi-

928 1446 1034 1482 culum
1042 1446 1150 1487 abiret¹
1161 1472 1173 1489 ,
1194 1447 1284 1495 quod
1304 1462 1414 1496 magna
1427 1461 1495 1484 cura
1511 1454 1543 1484 &
1557 1452 1730 1497 prouiden-

931 1497 974 1533 tia
990 1493 1050 1532 fuit
1084 1497 1306 1534 constitutum.
1341 1499 1417 1532 Scio
1439 1498 1519 1545 quid
1552 1499 1731 1547 respondeat

930 1550 1012 1583 Dec.
1027 1546 1100 1581 huic
1114 1548 1293 1583 obieffioni
1307 1575 1318 1594 ‚
1344 1545 1492 1584 videlicet
1514 1547 1629 1585 nullam
1641 1550 1732 1586 vide-

933 1599 959 1633 ri
987 1596 1042 1633 effe
1068 1595 1207 1634 fraudem
1229 1611 1300 1633 cum
1320 1596 1472 1633 statutum
1484 1597 1625 1647 loquitur
1635 1599 1674 1635 de
1685 1598 1734 1636 vl-

929 1649 1005 1684 tima
1016 1646 1200 1688 voluntate,
1219 1653 1251 1683 &
1282 1646 1400 1683 nullam
1427 1645 1501 1684 facit
1533 1650 1731 1686 mentionem

931 1698 1113 1733 donationis
1131 1712 1139 1731 :
1160 1694 1213 1731 sed
1239 1701 1271 1732 &
1285 1697 1351 1732 vice
1366 1695 1445 1732 versa
1454 1696 1589 1746 superius
1610 1700 1731 1742 docui,

933 1747 986 1783 vbi
998 1746 1104 1782 eadem
1117 1745 1160 1780 est
1172 1746 1252 1782 ratio
1266 1772 1276 1790 ‚
1302 1746 1346 1782 ibi
1367 1746 1478 1782 debere
1496 1749 1551 1784 csl'e
1564 1748 1649 1784 idem
1661 1753 1708 1784 ius
1722 1775 1733 1793 ‚

931 1798 1025 1833 etiarn
1038 1797 1070 1832 in
1085 1794 1340 1832 exorbitantibus
1351 1821 1361 1839 ‚
1377 1797 1397 1829 1.
1411 1797 1533 1833 libertus.
1549 1800 1576 1840 §.
1590 1799 1728 1845 Senatus-

931 1846 1057 1892 consulto
1070 1844 1099 1894 ff
1106 1847 1138 1880 de
1153 1847 1212 1880 ritu
1224 1856 1306 1890 nupt.
1319 1847 1344 1879 d.
1354 1843 1398 1890 Lfi
1411 1851 1470 1890 quic
1482 1857 1633 1893 argentum
1646 1853 1730 1885 Bari.

933 1898 993 1931 inl.
1003 1895 1029 1941 fi
1040 1894 1196 1943 constante.
1214 1907 1245 1936 9.
1260 1892 1351 1941 quaest.
1365 1906 1389 1929 1.
1398 1903 1465 1938 par.
1473 1895 1508 1942 ff
1511 1897 1672 1943 plumat»
1680 1900 1734 1932 im·

933 1948 970 1985 &
981 1947 1075 1980 multis
1091 1945 1109 1980 εὶ
1120 1955 1162 1979 me
1173 1945 1299 1979 adducta
1310 1952 1375 1988 cap.
1395 1947 1447 1987 38.
1473 1947 1552 1981 haim
1563 1947 1613 1981 lib.
1639 1950 1670 1981 in
1683 1957 1736 1992 quo

933 1997 1037 2032 loco&
1049 1994 1107 2029 alia
1118 1995 1260 2028 nonnulla
1285 1995 1337 2028 huc
1359 1990 1474 2030 omninb
1494 1998 1666 2040 pertinentia
1676 1998 1736 2041 legi

928 2053 1076 2089 poterunt.
1100 2042 1185 2079 Hinc
1198 2043 1297 2080 etiam
1327 2041 1418 2077 facile
1452 2042 1636 2086 diluuntur,
1666 2057 1738 2093 quae

934 2093 974 2128 de
992 2105 1074 2128 caeco
1091 2118 1101 2134 ‚
1112 2092 1249 2128 vsurario
1260 2090 1458 2140 ,proscripto
1470 2117 1482 2134 ,
1508 2091 1678 2130 filiofamil.
1702 2098 1737 2129 &

936 2141 1004 2177 aliis
1019 2141 1108 2178 allata
1129 2140 1214 2181 sunt.
1238 2145 1324 2177 Nam
1348 2143 1555 2190 praeterquam
1578 2142 1672 2190 quod
1694 2143 1736 2179 de

933 2205 1044 2228 eorum
1057 2192 1186 2228 veritate
1197 2191 1337 2242 plerique
1357 2192 1549 2229 addubitent
1559 2216 1570 2236 ,
1582 2192 1662 2229 illud
1676 2218 1686 2237 ,
1699 2205 1737 2229 vt

932 2242 1001 2277 dixi
1017 2268 1027 2284 ‚
1038 2241 1159 2277 constat
1170 2267 1180 2285 ,
1201 2241 1370 2290 quandoin
1386 2241 1490 2290 legato
1504 2247 1536 2278 &
1557 2241 1736 2279 donatione

933 2287 1017 2328 causa
1036 2293 1149 2327 mortis
1160 2292 1268 2327 eadem
1288 2293 1375 2339 viget
1394 2295 1477 2328 ratio
1488 2290 1734 2341 prohibitionis,

935 2342 1020 2377 idem
1030 2353 1158 2389 quoque
1169 2342 1201 2378 in
1214 2353 1348 2390 vtroque
1361 2342 1410 2377 ius
1422 2342 1490 2380 ess'e.
1512 2341 1664 2391 Idemc'1ue
1677 2355 1733 2377 va·

933 2390 976 2426 let
996 2390 1035 2426 ad
1057 2389 1277 2427 refutationem
1300 2391 1366 2427 eius
1388 2417 1398 2434 ,
1423 2390 1513 2439 quod
1537 2391 1653 2427 dicitur
1676 2389 1732 2427 sub

933 2439 1062 2489 fimplici
1074 2455 1139 2477 non
1163 2442 1316 2478 contineri
1336 2442 1490 2477 mixtum.
1510 2440 1631 2478 Eadem
1644 2442 1730 2476 enim

933 2493 1012 2528 ratio
1026 2491 1123 2527 efficit
1139 2517 1150 2536 ,
1158 2504 1195 2528 vt
1207 2492 1238 2527 in
1248 2503 1446 2539 quacumque
1457 2492 1581 2527 materia
1591 2490 1645 2527 sub
1654 2488 1728 2526 fim-

933 2540 1006 2590 plici
1029 2543 1166 2577 mixtum
1200 2542 1399 2577 contineatur
1419 2566 1429 2583 ‚
1454 2553 1520 2577 non
1539 2541 1667 2589 quidem
1686 2552 1728 2575 ex

933 2590 1034 2626 verbis
1046 2616 1056 2632 ,
1065 2590 1114 2626 sed
1128 2604 1167 2626 ex
1180 2603 1285 2627 mente
1297 2588 1523 2637 dispositionis,
1534 2594 1554 2626 1.
1568 2590 1725 2625 interdum.

934 2642 965 2686 ξ.
980 2641 1054 2686 quod
1063 2638 1157 2686 ainff.
1171 2643 1203 2675 de
1216 2642 1258 2675 his
1268 2643 1316 2685 qui
1327 2650 1387 2676 not.
1404 2639 1509 2685 infam.
1523 2642 1545 2674 t.
1552 2638 1580 2681 Ji
1592 2637 1726 2684 itafacfla

928 2689 976 2735 fit.
992 2689 1037 2725 vbi
1052 2691 1144 2724 Iacob.
1170 2696 1277 2724 Rauen.
1291 2689 1363 2723 Bald
1387 2693 1424 2726 (τ
1437 2691 1517 2723 rmol.
1527 2686 1563 2731 ff.
1584 2683 1722 2732 deiniusl.

934 2735 1042 2783 tesiam.
1059 2740 1157 2782 Τίνας.
1171 2739 1204 2771 de
1213 2737 1297 2782 legib.
1311 2730 1435 2772 cintiub.
1456 2737 1485 2770 d.
1500 2734 1580 2782 gloffl
1599 2736 1667 2782 3.§.
1680 2735 1723 2769 Ad

933 2785 1016 2832 baecfi
1025 2787 1259 2822 donatio.iium.6
1266 2799 1306 2840 b

984 2833 1111 2875 Quibus
1125 2834 1202 2871 itase
1221 2837 1239 2856 *
1266 2832 1449 2870 lnbentibus
1468 2830 1646 2867 videbimus
1665 2830 1721 2868 cni.-
1767 2858 1772 2864 .

933 2883 1069 2920 debilem
1080 2884 1232 2919 rationem
1245 2885 1323 2920 Deci
1328 2897 1338 2931 J
1346 2909 1357 2928 ‚
1381 2881 1469 2931 quod
1480 2879 1501 2916 fi
1511 2879 1656 2917 accesserit
1667 2880 1719 2917 sti·
1743 2871 1770 2905 3'

933 2933 1052 2982 pulatio
1063 2932 1240 2969 tabellionis
1250 2957 1261 2975 ‚
1278 2935 1338 2969 iam
1349 2945 1468 2968 certum
1478 2930 1520 2967 est
1534 2930 1610 2967 nasci
1620 2932 1720 2967 astio-

936 2996 1006 3019 ncm
1018 2996 1056 3018 ex
1066 2982 1212 3030 stipulatu
1226 2999 1236 3019 .·
1248 2981 1398 3032 liquidem
1413 2986 1446 3018 &
1457 2981 1520 3016 haec
1530 2980 1636 3016 omnia
1651 2979 1723 3025 pos-

937 3032 1006 3069 sunt
1016 3032 1070 3069 elle
1090 3030 1293 3077 fraudulenta,
1303 3030 1375 3068 sicut
1383 3029 1572 3068 fraudulenta
1585 3029 1721 3067 censetur

934 3080 1098 3131 resignatio
1107 3081 1248 3129 beneficii
1262 3081 1432 3117 20.diebus
1442 3092 1511 3117 ante
1527 3091 1660 3116 mortem
1673 3093 1721 3116 re-

933 3132 1076 3180 fignantis
1087 3129 1176 3173 fasta,
1198 3134 1280 3167 iuxta
1290 3134 1381 3178 regul.
1396 3131 1536 3165 cancella.
1551 3127 1671 3177 apostol.
1687 3131 1720 3165 de

932 3182 1103 3228 infinrefig.
1115 3180 1193 3228 infra
1206 3194 1256 3217 20.
1271 3182 1341 3215 dies.

980 3235 1054 3274 Hoc
1066 3230 1196 3278 amplios
1218 3229 1313 3265 libere¹
1333 3228 1468 3264 dixerim
1487 3239 1596 3264 contra
1617 3226 1717 3264 Alex-

930 3280 1000 3318 and.
1014 3280 1104 3327 consil.
1119 3283 1171 3317 26.
1186 3279 1236 3316 lib.
1251 3293 1282 3327 7.
1295 3279 1392 3316 etiam
1403 3276 1424 3315 fi
1434 3290 1542 3315 omnes
1551 3275 1717 3314 clamarent

1665 3338 1715 3361 me
