2052 3562
3 2347 10 2355 z
14 2288 16 2294 -
2 2207 17 2234 -''.;

349 189 429 224 DE
479 188 935 230 TESTAMENTIS
998 200 1259 238 CONIVG.
1300 206 1408 242 LIB.
1430 208 1507 244 ΠΖ,

102 250 183 290 dum
197 253 239 290 est
249 256 382 301 potius,
404 256 497 304 quod
512 240 639 293 maritus
649 259 731 294 inter
743 260 834 297 vinos
849 261 912 297 do-
967 265 1070 302 Iudex
1093 270 1231 307 moriens
1254 271 1339 310 dicat
1364 272 1393 309 se
1418 273 1515 310 tulisse

102 317 185 349 nare,
195 303 312 354 sum-jue
325 307 390 342 iure
403 308 463 351 vti,
475 319 571 354 quarn
584 320 717 344 vxorem
728 307 813 346 suam
826 308 911 348 fmu-

100 353 174 390 dare
184 352 325 391 volume
332 356 652 417 aepol.confil.4;Qiod
662 358 789 408 quidam
802 362 910 398 existi-

80 421 82 423 ·
102 416 191 440 mant
200 417 309 441 verum
320 406 376 441 etse
387 431 398 449 ‚
408 409 504 443 etiam
518 419 592 443 curn
604 411 750 446 executio
759 412 908 449 donatio-

101 454 151 490 nis
171 454 239 502 post
259 468 397 493 mortem
421 456 534 495 collata
544 458 606 495 est:
622 461 695 508 quia
711 461 803 498 verba
815 463 908 499 relata

100 503 141 540 ad
152 515 274 551 tempus
285 510 497 551 executionis,
511 521 577 545 non
590 510 795 558 importantia
805 514 907 548 dona-

1 547 30 594 '³5
99 554 405 594 tionissubstantiam
417 584 428 603 ,
439 556 516 595 nihil
528 572 707 608 operantur,
720 564 909 599 necimmu-
932 581 936 585 ·

100 616 170 642 tant
183 618 323 642 naturam
333 609 421 644 ae'tus
434 635 444 651 ,
458 612 583 649 clemen.
603 625 631 649 1.
645 611 678 645 de
681 613 805 658 praben.
822 613 907 661 Iason

99 655 138 691 ad
149 655 170 694 d
189 657 206 690 1.
223 668 281 703 quae
293 658 378 702 doris,
391 670 470 695 nunt.
488 672 541 704 40.

149 707 226 754 Ego
248 708 281 742 in
296 705 351 742 hac
361 709 534 757 quaestione
558 710 615 745 vix
638 710 717 750 mihi
739 708 907 748 satisfacere

97 757 202 804 potui.
223 759 349 794 Durum
363 760 448 795 enim
460 758 515 795 ess:
535 760 743 798 animaduerti
769 763 788 797 ὲ
815 774 906 797 corn-

98 806 190 843 muni
212 808 365 854 opinione
389 810 529 846 recedere
550 835 560 852 ,
592 823 686 859 quam
719 823 769 847 tot
804 810 907 848 excel·

47 881 52 886 .
100 854 321 905 lentisingenij
335 859 517 906 interpretes
527 858 676 897 sustinent
691 886 702 905 ‚
732 867 763 897 &
781 873 906 898 textum

29 916 35 933 's
99 905 170 942 {atis
183 920 322 957 apertum
339 911 374 943 in
385 911 411 944 d.
425 913 446 946 l.
458 912 532 946 Seia.
545 913 572 951 §.
580 910 635 957 fin.
655 924 714 960 pro
726 911 754 948 se
767 911 883 950 habent
895 928 906 949 .·

100 957 189 993 cuius
200 958 291 993 verba
301 957 373 994 sunt
385 961 449 995 hoec
463 975 471 995 ε
487 958 596 1007 [Cum
610 974 697 1010 pater
712 963 744 998 in
757 965 906 999 extremis

47 1012 59 1035 ἰ
102 1008 179 1042 vitae
199 1008 390 1045 constitutus
412 1035 424 1052 ‚
447 1013 646 1058 emancipato
666 1010 739 1048 filio
760 1013 907 1062 quaedam

83 1079 85 1081 v
102 1054 166 1093 fine
181 1057 441 1095 vllaconditione
452 1060 604 1097 reddendi
617 1062 757 1100 donasset
768 1089 779 1108 ,
797 1076 831 1099 ac
844 1061 907 1100 fra-

101 1117 162 1143 tres
173 1112 207 1144 &
234 1108 410 1145 cobaeredes
427 1111 495 1147 eius
515 1110 608 1149 bonis
627 1114 789 1149 contribui
805 1113 907 1151 dona-

103 1159 209 1194 tiones
232 1159 377 1196 Falcidiae
399 1161 483 1197 causa
508 1161 646 1199 vellent.-
668 1164 718 1199 ius
737 1164 907 1213 antiquum

101 1205 286 1246 seruandum
298 1209 353 1246 efle
362 1207 520 1258 respondi:
537 1225 602 1249 non
613 1213 698 1249 enim
711 1214 749 1250 ad
759 1213 817 1250 alia
828 1228 907 1250 con-

104 1257 301 1295 stitutionem
342 1273 520 1309 pertinere,
542 1276 638 1312 quarn
661 1277 730 1313 quae
755 1265 821 1313 lege
842 1278 908 1300 cer-

26 1325 27 1329 ’
49 1346 52 1349 Δ
100 1320 132 1345 ta
143 1307 355 1353 donarentur,
368 1316 400 1346 δε
417 1325 518 1349 morte
531 1311 668 1350 insecuta
686 1316 907 1363 quodammo-

99 1357 145 1395 do
159 1357 281 1396 abonis
300 1358 514 1410 auferrentur,
536 1362 586 1411 spe
608 1365 763 1401 retinendi
783 1377 907 1413 perem-

99 1421 152 1459 pta
165 1422 174 1445 ε
186 1423 257 1445 eum
270 1423 375 1446 autem
386 1413 440 1459 qui
451 1412 595 1449 absolute
605 1414 750 1458 donaret,
764 1429 828 1451 non
841 1428 905 1451 tam

101 1461 215 1495 mortis
225 1461 310 1496 causa
320 1487 331 1503 ,
356 1462 454 1509 quam
467 1465 656 1500 morientem
668 1465 818 1514 donare]
835 1469 906 1501 Cu-

101 1509 151 1545 ius
164 1522 267 1546 tamen
281 1509 302 1548 l.
320 1511 505 1548 constitutio
520 1511 542 1548 fi
562 1514 662 1562 rigide
684 1514 839 1559 seruetur,
857 1516 906 1551 vi-

100 1559 164 1594 deo
189 1559 296 1596 multis
315 1558 498 1607 fiaudibus,
523 1564 780 1615 captionibusque
799 1565 906 1601 locum

99 1607 183 1646 fieri.
221 1614 424 1659 Quapropter
457 1624 708 1662 temperamento
729 1615 835 1663 aliquo
854 1614 907 1650 hic

100 1672 182 1706 opus
192 1657 247 1695 eise
257 1673 328 1697 cum
343 1661 467 1698 Didaco
482 1667 622 1702 Couuar.
636 1667 675 1700 ad
684 1666 848 1703 Rub.decret
870 1666 904 1700 de

49 1744 60 1758 ⁸
102 1707 237 1757 testamen
257 1722 336 1748 num.
352 1723 387 1759 25
398 1739 406 1748 .
418 1714 448 1747 in
456 1712 512 1760 fin.
528 1714 675 1751 existimo
690 1714 822 1757 3scilicet
836 1727 870 1751 vt
883 1717 903 1739 *

101 1759 301 1809 praesumatur
314 1762 346 1798 in
355 1762 457 1799 dubio
470 1777 535 1801 non
549 1768 663 1801 mortis
671 1765 758 1800 causa
769 1792 779 1808 ,
795 1765 845 1801 sed
856 1766 908 1801 in-

102 1823 149 1848 ter
162 1811 256 1847 viuos
277 1810 418 1849 donatio
431 1840 443 1858 ,
466 1813 522 1850 nisi
547 1828 587 1851 ex
609 1817 796 1852 coniecturis
818 1814 905 1851 aliud

101 1860 211 1909 colligi
226 1873 318 1910 queat
330 1876 340 1904 ;
364 1862 464 1900 veluti
489 1862 511 1899 si
521 1863 658 1901 donator
670 1878 775 1903 vtatur
786 1865 884 1902 verbo
895 1891 906 1910 ,

102 1909 270 1959 [relinquo
283 1938 294 1958 ‚
304 1911 321 1959 ]
333 1911 382 1949 vel
393 1910 415 1949 si
426 1915 549 1950 mentio
561 1913 616 1951 fiat
628 1915 752 1965 periculi
764 1942 774 1958 ,
788 1928 842 1952 aut
857 1918 905 1950 in·

101 1959 260 1998 firmitatis
270 1987 281 2003 ‚
301 1962 352 1998 vel
364 1963 443 2009 quid
457 1962 569 2002 fimile.
595 1971 708 2003 Comei.
721 1964 813 2012 confit.
830 1978 905 2012 ¹24·

103 2013 156 2048 lib.
168 2026 203 2060 4.
215 2011 306 2046 Gurdo
320 2018 398 2057 Papa
406 2012 516 2060 singul.
541 2026 578 2062 45
587 2029 622 2062 7.
645 2021 718 2063 Ripa
729 2019 759 2050 in
774 2016 858 2052 trust.
875 2016 907 2049 de

99 2059 176 2109 peste
189 2087 201 2105 ,
222 2074 248 2097 2.
272 2071 351 2108 part.
364 2074 473 2099 numer.
503 2076 574 2111 ¹75-
597 2073 720 2101 Roman.
730 2077 809 2100 num.
824 2067 854 2100 8.
869 2067 906 2104 (y

76 2134 78 2137 s
104 2114 188 2147 Imol.
201 2111 239 2146 ad
253 2112 279 2146 d.
293 2115 314 2148 l.
326 2113 467 2156 quidam.
485 2115 533 2150 vel
544 2113 567 2152 fi
577 2127 645 2162 quae
657 2114 773 2151 fraudis
801 2118 907 2150 conie-

101 2163 169 2197 c'tio
184 2158 310 2196 aliunde
333 2160 361 2196 se
386 2162 528 2201 ostendat
542 2192 552 2210 ,
565 2166 594 2201 d.
608 2168 639 2213 ᾧ.
653 2168 800 2208 Iulianus,
812 2166 848 2203 ἐφ’
867 2166 907 2199 ibi

103 2212 198 2258 Rapb.
214 2218 340 2246 cumam
364 2214 449 2247 Nam
474 2213 535 2251 hoc
545 2215 587 2250 est
598 2215 688 2264 quod
701 2213 795 2251 ssald.
808 2214 905 2261 unfit.

109 2274 149 2300 10
154 2274 183 2305 3.
199 2260 466 2306 incipiendstaruto
476 2264 607 2312 urgelli,
621 2266 672 2303 tib.
690 2267 753 2304 1.in
766 2262 857 2301 simili
867 2263 906 2300 ad

104 2311 297 2349 ςοηίεᾶυτας
309 2307 426 2348 fraudis
443 2313 580 2350 iudicem
591 2315 661 2351 suos
679 2315 788 2350 oculos
796 2315 908 2351 debere

106 2361 261 2398 coniicere
277 2361 402 2402 ‚docet.
416 2365 460 2405 Et
474 2365 635 2412 propterea
657 2365 735 2402 bene
757 2366 905 2402 institutae

108 2410 253 2447 ciuitates
278 2409 437 2447 salubriter
454 2412 597 2450 aduersus
624 2414 703 2451 hanc
721 2413 906 2452 calumniam

110 2461 233 2498 statutis
241 2458 300 2496 suis
310 2460 503 2509 prospiciunt
516 2466 529 2505 ,“
548 2463 818 2515 donationemque
829 2465 908 2502 eius-

114 2510 205 2547 modi
214 2508 269 2546 nifi
280 2511 370 2545 certis
382 2511 493 2549 diebus
504 2537 515 2556 ‚
529 2526 595 2550 vno
607 2513 711 2551 mense
722 2542 732 2559 ‚
742 2516 792 2552 vel
803 2518 886 2564 prius
897 2543 908 2561 ,

115 2560 214 2610 quhm
227 2560 346 2596 donans
357 2573 529 2600 moreretur
538 2589 549 2608 ,
567 2563 645 2600 faeta
657 2563 695 2600 fit
704 2591 715 2607 ,
732 2578 828 2602 ratam
843 2580 908 2604 non

63 2641 75 2652 .
116 2611 244 2648 habent.
268 2609 432 2655 Obrquam
444 2613 561 2650 caucam
573 2618 605 2650 δι
619 2614 715 2651 hodie
723 2614 761 2652 fit
774 2621 795 2645 ἃ
811 2617 843 2651 in
854 2616 910 2652 be·

117 2658 250 2702 officiis,
262 2663 293 2694 &
309 2657 365 2695 nisi
374 2674 459 2698 certo
477 2674 620 2711 tempore
632 2677 703 2701 ante
715 2678 847 2702 mortem
858 2664 910 2703 fu-

113 2712 195 2747 erint
209 2707 355 2758 resignata
371 2736 380 2751 ‚
392 2710 556 2760 reiignatio
567 2712 683 2751 fraudis
693 2715 910 2763 praesumptio-

81 2772 85 2777 .
115 2774 155 2796 ne
166 2771 289 2807 grauata
299 2759 468 2798 collabatur
479 2787 489 2803 ,
497 2765 590 2800 iuxta
601 2778 662 2813 reg.
678 2765 806 2803 Cancel.
818 2769 851 2802 de
864 2771 910 2800 in-

112 2809 189 2857 firm
203 2809 283 2856 refig.
298 2811 351 2845 int.
369 2824 423 2849 zo.
435 2814 504 2848 dies.
518 2816 598 2859 Quae
617 2814 720 2864 regula
742 2829 809 2864 quo
820 2822 911 2866 paeto

119 2858 319 2907 intelligenda
331 2858 369 2896 fit
387 2888 397 2906 ,
426 2861 565 2898 latissime
578 2865 734 2907 examinat
743 2867 910 2904 Gomesms

116 2909 156 2944 ad
165 2921 226 2956 reg.
242 2912 365 2946 cancell.
385 2917 417 2948 δι
432 2911 584 2950 Rebuffus
595 2918 626 2950 in
636 2919 722 2961 praxi
728 2915 781 2962 sua
792 2917 909 2964 benefic.

118 2958 156 2994 ad
167 2971 247 3006 quos
259 2959 311 2995 vbi
324 2959 473 2997 statutum
496 2985 507 3001 ,
524 2963 564 3000 de
581 2977 648 3013 quo
666 2962 801 3012 superius
821 2965 910 3003 dixi-

67 3052 69 3054 ‚
119 3021 208 3049 mus,
223 3010 391 3056 reperitur,
415 3024 564 3049 recurrere
577 3012 659 3053 licet.
675 3018 788 3063 Neque
797 3016 912 3060 obstat,

118 3057 208 3107 quod
218 3071 313 3094 nemo
334 3059 527 3108 pra-sumitur
536 3059 813 3102 immemorsalutis
824 3080 911 3103 aeter-

121 3121 168 3143 nae
178 3134 188 3152 ‚
198 3109 225 3142 d.
239 3108 318 3154 Lfin.
334 3112 407 3158 quia
423 3126 484 3148 vna
499 3112 700 3163 praesumptio
711 3116 796 3152 tollit
808 3117 911 3160 aliam,

121 3161 152 3192 δι
166 3156 219 3193 ista
230 3159 429 3208 praesumptio
447 3162 612 3208 probitatis
626 3178 690 3201 non
715 3166 856 3214 procedit
878 3170 910 3203 in

121 3206 338 3254 praeiudicium
363 3211 459 3258 tertij.
482 3215 570 3249 Aleia.
593 3217 686 3260 regul.
709 3216 910 3263 3.pnsumpt.

122 3264 187 3300 cap.
202 3269 236 3303 4.
248 3261 280 3292 δι
291 3285 302 3302 ,
313 3270 347 3296 vt
359 3261 399 3294 ad
408 3263 434 3297 d.
447 3265 469 3297 l.
474 3263 530 3308 fin.
552 3263 595 3298 ait
619 3264 736 3302 Bartol.
758 3277 824 3301 non
839 3279 912 3315 om-

121 3317 175 3342 nes
184 3306 361 3346 moriuntur
369 3307 446 3347 ficut
456 3316 588 3350 Ioannes
609 3313 758 3363 Baptista.
781 3316 877 3353 Vnde
889 3315 911 3351 ss

1714 226 1757 263 55
1762 241 1778 278 ς

1525 274 1707 314 sententiam
1718 281 1782 315 ini-

967 329 1060 365 quam
1076 344 1087 362 ,
1097 317 1145 355 vel
1160 321 1242 358 testis
1251 322 1336 360 dicat
1348 322 1456 359 falsum
1471 324 1499 360 se
1520 325 1700 376 deposuisse,
1712 342 1781 365 non

972 366 1112 403 cre-ditur
1122 368 1186 406 illis
1204 372 1237 407 in
1249 374 1471 420 praeiudicium
1487 377 1552 413 eius
1562 378 1617 426 qui
1629 380 1717 422 vicit,
1730 380 1781 414 ni-

971 414 993 451 fi
1009 415 1094 453 aliud
1116 432 1271 468 appareat.
1289 427 1404 460 Bartol.
1433 426 1471 464 (α’
1497 431 1548 472 alij
1560 431 1592 462 in
1607 427 1663 474 ιβ
1674 433 1734 475 quis
1748 431 1780 464 in

964 469 1067 512 graui.
1079 471 1111 515 ξ.
1127 482 1152 506 1.
1165 470 1245 519 ffde
1256 475 1355 522 Syma.
1368 476 1474 511 Alciat.
1488 478 1516 513 d.
1527 481 1599 513 loco.
1614 483 1644 513 δι
1658 478 1680 514 si
1691 484 1711 503 *
1725 480 1782 516 de-

970 519 1058 552 bitor
1069 521 1207 556 moriens
1217 522 1301 559 dicat
1322 523 1352 559 se
1377 523 1496 560 soluisse
1517 529 1688 574 creditori,
1712 526 1780 567 nori
1798 512 1834 546 7‘

970 565 1044 602 ideo
1057 567 1205 606 liberatur
1225 571 1340 616 haeres,
1361 571 1419 609 nifi
1443 574 1530 612 aliter
1539 575 1658 615 solutio
1667 580 1783 626 probe-

969 629 1040 660 tur,
1056 620 1077 653 l,
1095 624 1220 655 ratjones
1237 625 1275 661 ξφ
1287 626 1412 660 Autben.
1440 624 1516 670 quod
1535 630 1639 666 locum.
1661 631 1781 667 ibidem-

966 679 1021 711 que
1038 671 1154 705 Ductor.
1178 677 1216 706 C.
1242 673 1275 706 de
1281 674 1397 718 probat.
1421 678 1494 722 quia
1510 690 1604 715 nemo
1617 679 1778 728 praesumi·

969 727 1019 753 tur
1030 718 1131 754 bonus
1147 722 1445 759 cumincommodo
1454 724 1579 763 alterius
1594 755 1606 775 ,
1633 737 1664 764 δι
1686 727 1776 766 facile

969 768 1204 815 inuenirentur,
1227 773 1283 821 qui
1302 774 1417 810 animae
1435 773 1565 817 ,salutem
1590 779 1728 816 ditandae
1738 794 1779 818 ex

967 818 1059 854 rebus
1068 818 1176 855 alienis
1188 821 1270 868 proli
1295 823 1511 870 impenderent
1525 854 1535 872 ‚
1556 828 1588 863 in
1617 842 1686 878 quae
1706 829 1779 878 spe-

964 869 1050 904 &ant
1062 869 1151 918 quod
1161 880 1213 906 m.
1226 873 1259 907 de
1270 884 1474 911 communaute
1505 878 1552 912 des
1564 879 1654 915 biens.
1674 893 1687 915 2
1696 894 1717 928 4
1732 883 1764 916 in

965 917 1066 966 arrestv
1084 925 1175 957 [oan.
1196 926 1283 972 Papo
1299 924 1355 965 ait,
1367 927 1517 963 Senatum
1525 927 1684 967 Gallicum
1699 929 1777 967 hanc

965 970 1151 1017 potestatem
1163 973 1266 1009 mariti
1277 972 1338 1008 hoc
1349 975 1450 1011 modo
1463 977 1691 1027 intellexiffe,vt
1709 994 1776 1018 non

963 1018 1053 1056 aliter
1066 1021 1107 1058 de
1120 1021 1276 1070 acquisitis
1301 1022 1463 1072 disponere
1483 1028 1578 1074 poffit
1599 1031 1631 1067 in
1654 1033 1777 1079 praeiu-

963 1070 1084 1106 dicium
1110 1073 1219 1109 onris
1236 1097 1247 1115 ,
1272 1085 1368 1121 quam
1387 1074 1409 1110 fi
1423 1075 1509 1114 causa
1528 1078 1719 1128 disponendi
1735 1079 1783 1119 fit*

964 1120 1015 1157 vel
1027 1121 1182 1158 necessaria
1193 1149 1204 1168 ,
1226 1122 1275 1159 uel
1285 1123 1390 1161 saltem
1407 1126 1605 1174 voluntaria,
1630 1131 1682 1167 sed
1696 1143 1774 1180 pro-

966 1170 1101 1216 babilis,
1128 1177 1159 1207 &
1176 1186 1215 1209 ex
1226 1174 1382 1220 probabili
1396 1178 1517 1215 ratione
1538 1180 1653 1226 dueta,
1671 1194 1707 1220 vt
1730 1182 1774 1219 est

964 1221 1211 1269 recompensatio
1228 1223 1307 1259 bene
1322 1227 1518 1270 meritorum,
1528 1234 1616 1279 quod
1628 1236 1661 1266 &
1677 1235 1774 1270 Fran-

965 1271 1032 1307 cisc.
1060 1273 1204 1320 Mignon
1223 1276 1261 1309 ad
1273 1274 1435 1322 conficetud,
1451 1281 1633 1327 Andegauen.
1644 1292 1711 1328 pan
1737 1295 1773 1328 9.

963 1324 1015 1358 tit.
1026 1322 1073 1356 des
1085 1321 1229 1371 acquests,
1243 1335 1301 1361 art.
1317 1328 1396 1370 289.
1410 1329 1448 1367 ά·
1462 1340 1542 1373 292.
1568 1332 1680 1379 probat
1699 1346 1709 1369 ε
1735 1338 1770 1370 &

965 1371 1003 1406 iis
1014 1369 1203 1411 locis.,vtilia
1211 1372 1354 1423 pleraque
1375 1376 1415 1412 ab
1437 1392 1477 1414 eo
1496 1379 1768 1426 adducuntur‚ex

963 1420 1080 1468 quibus
1098 1421 1214 1466 fraudis
1227 1438 1262 1460 ac
1274 1424 1342 1460 doli
1356 1427 1514 1464 conicetio
1538 1429 1589 1466 hic
1606 1429 1685 1467 sumi
1697 1430 1770 1481 pos·

964 1469 1000 1508 fit
1010 1497 1022 1515 ,
1046 1476 1078 1506 δι
1092 1470 1188 1514 solet,
1202 1477 1224 1509 1.
1236 1475 1333 1510 dolum
1343 1482 1379 1510 C.
1403 1478 1516 1513 dedolo.
1542 1482 1772 1530 eorumquesen-

962 1521 1242 1569 tentiafubseruiunt
1253 1527 1271 1559 l.
1286 1520 1352 1559 caim
1363 1536 1482 1571 oportet.
1496 1531 1534 1567 ό*
1547 1529 1586 1564 ibi
1598 1537 1704 1567 Corne.
1715 1540 1756 1569 C.

963 1576 996 1607 de
1017 1574 1085 1607 bon.
1105 1584 1164 1616 qua
1181 1574 1310 1609 lit-enat.
1333 1576 1369 1613 ό*
1391 1577 1412 1611 ἱ.
1435 1577 1654 1625 inquaestionem
1677 1588 1714 1618 C.
1728 1582 1764 1617 de

958 1622 1084 1670 sentent.
1093 1623 1165 1668 paff.
1179 1627 1215 1661 ό*
1226 1635 1259 1658 ea
1275 1635 1332 1669 qua
1348 1636 1443 1663 notat.
1467 1636 1528 1664 Pet.
1548 1634 1617 1667 Κατ.
1640 1632 1678 1665 ad
1698 1643 1768 1666 con-

960 1672 1103 1720 suetudin.
1126 1674 1233 1708 Ρὶὲἶοιι.
1246 1683 1308 1710 art.
1325 1676 1403 1720 283.
1425 1676 1571 1722 Quando
1581 1677 1658 1716 vero
1670 1685 1694 1727 †
1707 1694 1769 1718 vx·

964 1736 1002 1757 or
1013 1722 1100 1758 istam
1112 1719 1252 1757 fraudem
1279 1723 1428 1770 legitimis
1453 1725 1578 1762 indiciis
1600 1730 1766 1777 probabit,
1788 1742 1825 1779 8,

965 1784 1041 1808 tunc
1055 1773 1247 1807 reuocatoria
1258 1774 1379 1809 afflone
1392 1799 1404 1818 ‚
1431 1775 1471 1811 ad
1487 1776 1579 1813 instar
1591 1781 1769 1829 creditoris,

951 1825 1000 1868 rin
1025 1821 1112 1858 cuius
1134 1819 1274 1858 fraudem
1296 1823 1379 1859 bona
1411 1824 1568 1863 debitoris
1599 1830 1769 1870 abalienata

965 1871 1036 1908 sunt
1046 1898 1057 1914 ‚
1078 1874 1212 1918 experiri
1239 1886 1304 1909 non
1320 1874 1433 1921 potest,
1448 1876 1585 1922 chaffan.
1600 1881 1639 1915 ad
1648 1879 1769 1929 consue-

964 1923 1028 1958 tud.
1047 1924 1194 1969 Burgund.
1209 1923 1282 1958 Rub.
1299 1924 1346 1957 des
1357 1925 1463 1960 droists
1476 1927 1635 1973 &appiam
1651 1930 1671 1965 ἆ
1686 1942 1762 1978 gene

965 1974 1093 2008 mariez..
1109 1975 1142 2018 ξ.
1153 1985 1188 2019 4.
1203 1972 1332 2008 adverb.
1350 1986 1387 2009 ne
1402 1976 1489 2021 peult.
1504 1977 1536 2010 in
1544 1976 1599 2025 fin.
1623 1979 1673 2016 vel
1697 1979 1719 2017 fi
1730 1984 1764 2020 in

965 2034 1032 2059 earn
1053 2021 1092 2057 ab
1114 2022 1210 2059 initio
1231 2019 1410 2060 transsatum
1442 2022 1527 2062 fuisse
1548 2025 1635 2065 dicas
1655 2031 1766 2068 domi-

967 2073 1056 2109 nium
1070 2077 1084 2116 (
1102 2073 1143 2108 de
1155 2085 1222 2122 quo
1233 2073 1358 2110 abunde
1376 2072 1537 2125 superius)
1549 2078 1595 2113 rei
1615 2080 1765 2121 vendica.

966 2126 1015 2160 tio
1028 2123 1165 2160 daretur.

1212 2223 1245 2256 C
1270 2224 1301 2258 A
1326 2227 1363 2261 P.
1413 2227 1513 2262 vm.

967 2339 1178 2389 Donatio
1204 2348 1248 2390 &
1283 2340 1490 2395 alienatio
1517 2345 1761 2416 acquifito-

1039 2427 1143 2457 rum
1157 2408 1274 2459 faeta
1288 2430 1366 2479 per
1379 2418 1763 2478 maritum,vxore

1039 2477 1238 2529 multum
1254 2479 1509 2545 infirmastn
1522 2484 1760 2552 praesuma-

981 2573 984 2575 ·
1043 2563 1116 2596 tur
1129 2546 1422 2599 fraudulenta.

1174 2692 1538 2726 SVMMARIA.

971 2815 999 2838 1.
1023 2805 1159 2838 manitas
1168 2809 1296 2850 temporis
1303 2805 1430 2851 fraudem
1439 2809 1549 2852 arguit.

967 2864 998 2889 2.
1022 2858 1109 2887 Fraus
1120 2853 1295 2899 prasumz'tur
1304 2854 1346 2901 ‚fi
1364 2858 1500 2891 alienatio
1507 2856 1563 2904 fiat
1574 2855 1759 2903 inpersonaem

1062 2904 1249 2940 coniunctam.
1612 2915 1627 2930 -”’

968 2962 1000 2996 3.
1022 2954 1149 2986 Donatio
1168 2956 1293 2989 omnium»
1318 2953 1453 2988 bonorum
1457 2955 1645 3003 fraudulenta
1653 2955 1758 3004 presa·

1066 3010 1165 3037 „Illur-

967 3123 1021 3202 F
1037 3116 1270 3157 Raudulemarn
1279 3133 1407 3171 quoque
1418 3119 1530 3159 censeri
1539 3120 1760 3166 donationem,

1036 3179 1130 3215 quam
1151 3168 1192 3205 de
1210 3170 1300 3207 rebus
1317 3171 1473 3221 acquisitis
1492 3171 1665 3209 mobilibus
1685 3169 1761 3211 fecit

966 3216 1107 3264 maritus,
1117 3231 1214 3254 vxore
1223 3222 1309 3269 graui
1319 3220 1446 3266 morbo,
1457 3233 1498 3257 ex
1508 3233 1574 3270 quo
1585 3235 1662 3259 mox
1672 3223 1759 3258 diem

966 3267 1048 3302 0b1it
1063 3293 1073 3310 ,
1099 3267 1223 3305 detenta
1235 3296 1245 3314 ,
1269 3270 1412 3308 Chaffan.
1438 3275 1498 3307 loco
1516 3270 1648 3317 proxim}
1658 3275 1757 3309 citato.

967 3319 998 3364 ξ.
1013 3328 1046 3363 3.
1068 3319 1106 3354 ad
1115 3319 1191 3355 verb.
1205 3321 1251 3355 des
1262 3320 1446 3368 ὴὶνιτιὶμε,
1467 3319 1630 3371 respondet
1645 3338 1654 3358 ι
1675 3319 1761 3370 quafi

1302 3372 1335 3405 A
1351 3383 1365 3406 a
1379 3384 1394 3406 a
1422 3384 1439 3407 2
1663 3371 1759 3407 nimi·
