2052 3562
256 2925 305 2949 10.

303 195 373 247 {342

309 261 760 311 curantibus‚impedimcntum
773 261 912 308 praestet2.
925 264 975 296 De
989 260 1092 297 Chio-

310 318 425 359 runi,de
433 318 512 350 clam
527 315 634 349 mulier.
649 320 711 355 cap.
727 323 757 357 32
770 311 898 358 quidem
908 324 941 346 ac
953 311 1094 359 Tyrrhe-

313 366 506 406 norum‚d.li.
522 372 564 397 ca.
579 363 615 399 8.
626 359 807 396 mulieribus
820 371 950 408 quarum
960 361 1093 409 pruden-

313 414 430 449 tissimo
451 411 580 447 confilio
604 412 731 446 maritos
752 407 894 445 defensos
909 415 940 447 &
962 413 979 445 a
992 423 1093 446 morte

314 463 462 499 liberatos
473 462 576 498 scribit
590 458 788 500 Plutarchus,
800 458 883 494 aliud
899 458 977 497 forte
987 461 1093 496 dicen-

313 515 389 549 dum
401 511 484 548 effer.-
500 510 550 547 sed
570 510 615 545 boe
638 521 722 544 aures
741 510 773 544 in
792 522 921 545 omnem
935 512 1094 559 regionem

313 575 379 598 non
394 560 555 597 deuolant.
591 558 688 596 Κεᾶὲ
700 560 794 606 igitur
804 558 859 595 lib.
876 572 928 595 xv.
950 560 1097 608 Digesto-

314 625 384 647 rum
397 609 518 648 Celsus.
541 610 593 645 Ad
619 623 652 645 ea
664 609 869 657 potiusdebet
882 610 1015 658 adaptari
1029 615 1074 645 ius
1089 635 1098 652 ,

314 674 383 709 quae
405 666 436 696 δι
457 659 628 709 frequenter
651 665 682 695 ὅτ.
704 658 812 703 facile,
831 671 922 706 quam
934 661 972 696 ad
985 674 1018 695 ea
1028 672 1097 708 quse

316 711 436 758 perraro
448 711 608 746 eueniunt.
633 707 733 749 Quod
753 713 838 744 enim
852 709 943 744 semel
957 722 1077 746 tantuin
1090 735 1099 751 ,

317 773 369 796 aut
382 762 492 797 iterum
508 760 663 801 extitit9id
674 758 890 806 legumlatores
902 771 1097 807 praetereunt.

316 811 375 846 Sed
388 824 458 847 cum
470 810 637 845 nouiffimo
653 809 812 844 iustiniani
826 814 908 856 lmp.
921 809 1076 845 beneficio
1089 833 1100 852 ‚

316 867 328 895 i
334 872 352 894 n
365 861 484 897 auth.de
496 859 632 893 hared.ab
643 856 767 905 intest&
794 870 828 892 ex
839 859 881 892 his
894 862 948 894 col.
966 871 996 902 9.
1011 859 1100 895 matri

316 914 348 944 δι
377 912 452 945 auiae
475 908 640 944 secundum
666 908 809 943 ordinem
826 907 953 944 tutelam
980 907 1078 944 subire
1090 931 1100 950 ,

316 960 408 995 etiam
420 970 489 995 ante
501 970 629 1007 agnatos
647 956 821 1006 permissum
837 955 873 993 sit
892 973 899 993 ι
920 955 942 992 si
954 959 1032 993 inter
1049 971 1101 1006 ge-

315 1009 378 1051 sta,
399 1009 516 1057 nuptiis
536 1007 623 1054 aliis,
645 1012 677 1047 ὅ(
700 1007 819 1043 auxilio
842 1006 1101 1044 senatusconsulti

315 1057 468 1095 Velleiani
480 1060 725 1094 renunciauerint
740 1081 750 1098 ‚
776 1055 850 1092 solis
874 1057 1103 1105 testamentarijs

315 1107 560 1157 praecedentibus
570 1119 617 1142 eas
629 1132 639 1153 ‚
650 1106 797 1154 legitimis
809 1112 839 1141 &
853 1106 969 1143 datiuis
980 1107 1103 1156 postlia⁶

316 1159 411 1195 bitis.-
436 1171 472 1193 an
485 1156 545 1193 hoc
558 1155 624 1193 casu
639 1155 801 1192 confilium
816 1169 919 1192 earum
935 1157 1104 1194 {testatore

314 1209 480 1251 adiee‘him,
492 1205 650 1242 necessario
664 1208 776 1253 requiri
790 1207 902 1242 debeat
913 1231 924 1251 ,
939 1206 1104 1243 multisdi-

320 1259 400 1292 uersa
411 1256 768 1302 sentientibusjhomnino
778 1255 957 1304 expeditum
971 1270 1036 1292 non
1051 1258 1104 1293 est.

315 1306 444 1344 Etenim
468 1320 538 1342 cum
559 1306 658 1351 offici,
671 1305 776 1341 tutclae
793 1308 954 1354 participes
965 1308 1020 1342 effe
1032 1307 1104 1353 pos-

317 1356 375 1393 fint
391 1368 399 1392 ε·
415 1370 491 1392 anne
514 1356 648 1405 superior
659 1357 738 1391 ratio
749 1357 951 1392 eradicabitur
964 1359 976 1392 ζ
991 1359 1105 1406 Fulgo-

315 1406 373 1444 sius
385 1418 503 1449 contra,
514 1409 544 1440 in
555 1406 756 1453 l.Ti1ium‚inf.
768 1407 801 1440 de
811 1407 896 1440 admi.
912 1415 997 1441 tutor.
1012 1420 1104 1454 quem

316 1457 416 1492 bacin
432 1470 462 1491 re
476 1469 540 1491 non
555 1454 640 1502 sequi
654 1455 771 1490 malim.
797 1459 879 1490 Nam
895 1454 991 1490 sieam
1008 1458 1047 1492 de
1060 1457 1106 1493 his

317 1506 465 1542 fiduciam
480 1504 832 1551 concipiatqlustinianus
841 1529 852 1548 ,
864 1505 951 1551 quod
963 1503 1103 1543 filiorum

318 1568 511 1603 nepotumve
525 1552 652 1590 tutelam
666 1553 746 1589 rcere
758 1554 1105 1605 administrabtmt,quin

320 1611 351 1641 δε
368 1606 408 1640 de
417 1604 545 1640 consilio
561 1602 626 1638 solo
637 1602 669 1637 id
685 1605 784 1639 dicere
797 1604 885 1639 liceat
897 1628 908 1645 ‚
937 1610 1024 1652 quod
1043 1608 1107 1641 mi-

319 1658 404 1692 noris
415 1655 456 1690 est
471 1652 664 1702 praeiudicii,
690 1667 754 1688 non
765 1654 871 1688 video.
900 1657 1059 1689 Caeterum
1083 1654 1105 1690 fi

320 1705 400 1740 male
411 1706 545 1738 omnino
559 1700 718 1737 consulant
735 1718 744 1738 .-
758 1702 776 1736 ὲ
801 1699 930 1738 consilio
945 1704 1102 1745 recedere,

321 1756 350 1790 d.
363 1759 383 1791 l.
401 1768 432 1788 2.
444 1753 558 1799 respon.
578 1765 629 1787 aut
643 1749 663 1786 fi
676 1750 830 1788 consulere
841 1750 999 1788 noluerint
1011 1780 1020 1794 ,
1042 1766 1106 1789 rem

322 1814 503 1849 conceptam
523 1800 664 1849 perficere
676 1827 683 1841 ,
698 1805 716 1836 l.
726 1800 761 1848 fi
774 1807 811 1837 C.
824 1804 855 1836 de
865 1806 928 1837 Iur.
944 1803 1066 1848 Emplzit.
1079 1805 1110 1838 d.

322 1864 447 1900 caprum
461 1852 537 1887 olim.
552 1863 669 1887 tutores
689 1863 847 1899 poterunt.
871 1850 953 1887 lllud
967 1850 1108 1900 profeffiffi

322 1903 411 1951 quod
424 1902 472 1937 hic
484 1900 613 1938 traditur
628 1901 663 1946 ,ὲ
685 1900 815 1936 consilio
828 1901 1032 1937 recedendum
1044 1916 1108 1937 non

323 1952 539 2001 effe‚perpetuo
550 1964 657 1987 verum
671 1951 796 1994 nonest,
807 1950 856 1986 sed
869 1949 891 1985 fi
903 1950 980 1986 male
998 1951 1109 1988 consu-

323 2003 383 2039 lere
403 2001 543 2037 videatur
566 2029 577 2047 ‚
595 2000 632 2036 ad
654 2002 857 2037 exercitorcm
882 2001 1021 2049 magister
1045 2015 1109 2037 rem

325 2049 550 2089 totamdeferie
571 2063 701 2087 tenetur.
722 2051 782 2086 Sed
797 2064 853 2085 nec
878 2051 911 2086 in
931 2050 997 2098 ‘¹¹5³
1019 2051 1110 2087 caufis

324 2103 435 2140 adieeri
462 2099 625 2136 confilium
654 2099 828 2136 indistinete
850 2099 932 2150 sequi
956 2114 1107 2139 tenemur.

326 2151 415 2195 Quid
429 2152 512 2187 enim
526 2148 547 2186 fi
564 2152 707 2198 iniquum
718 2150 857 2187 consulat
875 2155 885 2187 ζ
911 2151 998 2191 Quid
1008 2150 1028 2186 fi
1038 2164 1110 2186 exe-

324 2201 428 2238 crabili
449 2202 589 2246 inuidia,
609 2213 674 2247 quo
693 2205 755 2243 (vt
770 2199 819 2236 ille
831 2202 872 2235 ait
889 2204 902 2242 )
925 2201 1022 2236 maius
1045 2212 1110 2236 tor-

325 2263 467 2287 mentum
478 2251 573 2286 Siculi
584 2263 649 2285 non
667 2249 796 2285 habuere
810 2252 973 2298 Tyranni,
993 2251 1026 2285 in
1039 2263 1113 2298 pro-

326 2302 403 2337 ximi
417 2301 581 2347 perniciem
592 2300 725 2346 rapiatur
737 2302 747 2335 ζ
759 2300 846 2343 Qiid
857 2298 879 2335 fi
891 2300 1109 2349 pupillo,quod

326 2349 461 2386 consulit
474 2375 483 2390 ‚
507 2349 623 2384 damno
642 2347 782 2384 futurum
803 2347 839 2385 fit
866 2353 878 2386 2.
903 2351 1111 2386 Econtrario.

328 2399 417 2440 Quid
433 2396 598 2446 ficxpoesse
609 2398 788 2433 mandatum
811 2397 866 2444 fit,
888 2411 923 2435 vt
947 2398 1109 2436 consilium

327 2449 470 2498 sequatur
491 2450 503 2483 ζ
527 2448 613 2486 Quid
636 2445 656 2482 fi
679 2449 818 2495 Princeps
839 2449 942 2495 legum
964 2450 1111 2497 imperito

327 2499 469 2540 mandet,
493 2509 526 2534 vt
542 2510 605 2533 non
617 2495 670 2533 nisi
683 2496 735 2532 tali
746 2496 887 2533 consulto
901 2497 1014 2534 iudicet
1030 2501 1042 2534 ζ
1056 2502 1107 2535 Ex

327 2550 510 2585 conicetur‘is
521 2545 601 2590 sane,
613 2545 710 2582 multa
723 2547 860 2583 iudicem
871 2546 1000 2583 definire
1011 2562 1111 2595 opor-

328 2610 391 2641 tet,
415 2604 446 2634 &
470 2598 495 2633 is
515 2600 572 2645 qui
597 2592 810 2633 iurisdietioni
836 2598 958 2644 praeest,
980 2598 1054 2642 quid
1070 2599 1109 2634 ad

327 2647 497 2697 quamlibet
525 2647 566 2682 rei
582 2644 768 2682 decisionem
787 2646 917 2693 spe-&are
939 2649 1028 2696 poffit
1042 2675 1049 2688 ,
1071 2662 1109 2684 ex

337 2700 483 2745 :equitate
496 2695 654 2732 decernere
676 2695 768 2731 debet
782 2723 790 2739 ,
814 2699 880 2732 Vide
891 2697 1008 2743 Clarias.
1019 2700 1049 2731 in
1058 2697 1111 2744 sua

325 2748 436 2794 summa
452 2750 481 2782 in
491 2749 567 2783 verb.
582 2744 732 2792 confilium.
762 2746 859 2782 Reere
871 2747 966 2794 igitur
979 2745 1108 2782 Bonifa-

329 2799 394 2833 cius
406 2801 556 2837 Οέὶαυιις,
568 2794 733 2830 secundum
744 2800 812 2831 Iura
824 2820 835 2838 ‚
857 2794 1038 2832 mandatum
1060 2798 1111 2831 in-

329 2848 581 2893 terpretationem
605 2847 755 2891 recipere,
778 2844 1017 2891 defininit‚cap.
1039 2847 1111 2880 nde

329 2895 475 2943 testamen.
492 2896 541 2931 lib.
557 2900 592 2930 6.
621 2895 802 2929 Examinari
814 2896 960 2943 equidem
973 2895 1020 2929 hic
1031 2897 1112 2942 posse

330 2959 393 2981 non
405 2958 455 2980 me
466 2946 538 2981 latet
552 2971 560 2986 ‚
579 2944 656 2991 quid
668 2944 709 2979 de
718 2942 898 2980 vltimarum
910 2944 1109 2981 voluntatum

327 2993 544 3032 executoribus
557 2992 724 3028 dicendum
737 2990 773 3028 lit
783 3019 794 3034 ,
807 2992 828 3028 fi
839 2994 875 3030 ad
887 2993 1022 3030 alienum
1032 3007 1108 3029 con-

327 3041 429 3079 silium
442 3044 648 3080 remittantur:
660 3042 708 3077 sed
726 3042 857 3079 instituti
871 3043 963 3080 nostri
976 3058 1039 3080 non
1052 3044 1109 3087 est,

327 3092 504 3129 haecomnia
519 3107 582 3128 vno
598 3092 668 3128 loco
681 3105 863 3140 congemre,
883 3098 915 3129 &
926 3107 1009 3130 acum
1029 3105 1107 3141 prae-

326 3139 417 3178 sentis
429 3142 549 3191 negocii
569 3154 786 3190 argumentum
802 3156 865 3178 non
880 3142 915 3179 lit
928 3169 938 3187 ‚
967 3142 1030 3177 alio
1042 3168 1053 3187 ,
1075 3145 1112 3179 ad

328 3197 396 3226 Bar.
414 3193 467 3226 hic.
493 3193 555 3228 Bal.
568 3194 598 3226 in
612 3193 672 3226 rub.
687 3199 725 3226 C.
737 3204 779 3229 eo.
789 3193 826 3231 ὠ·
837 3195 944 3228 aliosin
959 3194 1041 3228 auth.
1065 3196 1112 3227 in-

324 3242 460 3288 press1,'c.
478 3240 672 3288 deficcrofiznc.
686 3245 761 3278 ecclc.
783 3255 841 3279 vos
862 3242 1060 3279 remittimus.

718 188 958 229 ‘'PETRVS
1004 195 1260 232 PECKIVS

1322 198 1383 233 IN
1441 198 1562 241 TiT,

1200 273 1233 317 ς.
1255 268 1488 305 Exercitorem
1508 276 1622 305 autem
1634 278 1710 305 eum
1729 266 1875 307 dicimus
1883 263 1928 304 ad

1146 333 1244 375 quem
1255 321 1462 362 ohtzentiones
1473 337 1586 362 omnes
1587 325 1792 377 perueniunt
1804 351 1813 366 ‚
1822 321 1888 373 fine
1895 337 1924 361 bs

1146 376 1302 415 dominns
1311 378 1459 430 naulsfit
1469 409 1480 425 ,
1496 380 1570 433 stae
1583 379 1724 418 domino
1743 392 1863 418 nauem
1867 389 1928 432 per

1146 432 1249 470 aduer
1243 432 1371 486 sionem
1380 434 1615 480 c'onduxinuel
1621 434 1667 474 ad
1673 445 1813 491 tempus,
1824 435 1882 474 vel
1887 437 1927 473 in

1141 499 1254 545 12671)ίῖ
1258 504 1303 527 ull
1307 504 1341 527 W
1345 516 1352 524 .

1335 600 1705 632 SVMMARIA.

1152 702 1163 724 1
1175 716 1183 726 ,
1197 692 1335 729 Obuentio
1354 694 1471 740 quidstt.

1150 753 1181 778 z.
1196 743 1307 776 Redime
1315 743 1427 789 propri}
1438 744 1504 790 quid
1505 742 1553 789 stt.

1153 802 1181 836 3.
1199 795 1311 825 fradui
1339 794 1521 838 appellatione
1533 793 1600 838 quid
1609 792 1718 827 veniat.

1150 853 1182 886 4.
1198 846 1227 873 N
1234 846 1295 875 auis
1316 843 1416 887 praedto
1428 851 1626 887 aequiparatur.

1152 902 1183 937 5.
1199 892 1286 924 Aduer
1300 903 1362 926 ione
1376 893 1542 937 conducere,
1556 892 1622 937 quid
1625 888 1677 937 fit·

1152 996 1221 1078 E
1234 996 1424 1032 Xercitorem
1434 995 1495 1031 lioc
1506 994 1578 1030 loco
1590 991 1735 1029 describit
1747 990 1872 1042 leian.
1890 986 1930 1027 ad

1197 1064 1199 1066 >
1240 1057 1332 1093 quem
1342 1047 1561 1089 obuentiones,
1574 1051 1603 1080 ἃ
1616 1044 1732 1080 reditus
1744 1055 1852 1078 omnes
1864 1054 1932 1090 per-

1152 1096 1284 1131 ueniunt
1295 1122 1305 1141 ,
1325 1099 1356 1132 in
1382 1109 1442 1144 qua
1463 1109 1494 1131 re
1504 1107 1619 1131 veteres
1629 1092 1674 1128 illi
1686 1117 1697 1135 ,
1710 1104 1833 1143 propter
1845 1090 1934 1128 fatale

1152 1145 1318 1194 quoddam
1330 1144 1429 1181 saeculi
1441 1144 1639 1189 malum‚vno
1653 1143 1810 1180 autalteto
1822 1154 1935 1190 excep-

1153 1208 1188 1231 to
1201 1221 1211 1239 ‚
1221 1196 1297 1241 quid
1307 1197 1387 1232 inter
1399 1196 1602 1231 obuentionis
1616 1200 1647 1230 ὃ(
1662 1193 1778 1229 reditus
1792 1187 1910 1229 inierest
1922 1215 1934 1235 ‚

1155 1259 1218 1281 non
1232 1245 1298 1280 satis
1309 1245 1523 1294 perspexerunt
1537 1270 1547 1288 ,
1568 1257 1639 1280 cnm
1657 1255 1821 1291 Vtrumque
1831 1254 1945 1278 tamen

1153 1296 1171 1330 Ξι
1185 1294 1334 1331 fruffibus
1345 1297 1377 1331 in
1390 1299 1454 1331 iure
1464 1294 1680 1341 distinguatur.
1698 1292 1867 1343 leianus:
1884 1296 1936 1328 An

1154 1349 1314 1393 pecuniam
1330 1345 1466 1393 pupillus
1490 1343 1598 1380 habeat
1610 1369 1621 1386 ,
1646 1342 1694 1379 vel
1708 1344 1739 1378 in
1761 1354 1936 1386 numerato,

1155 1396 1203 1431 vel
1216 1395 1246 1429 in
1263 1396 1447 1431 nominibus
1457 1407 1525 1444 quae
1546 1392 1840 1442 conueniripoffunt
1852 1416 1862 1432 ‚
1888 1393 1938 1429 vel

1155 1447 1186 1480 in
1199 1443 1350 1480 fruffibus
1371 1446 1507 1481 conditis
1519 1470 1529 1488 ‚
1554 1444 1604 1480 vel
1616 1444 1709 1478 etiarn
1734 1456 1768 1477 in
1777 1442 1936 1478 redituum

1153 1494 1201 1543 spe
1214 1521 1225 1539 ‚
1236 1507 1328 1542 atque
1341 1495 1584 1531 obuentionum.
1596 1493 1651 1529 Est
1674 1494 1771 1540 igitur
1784 1494 1861 1527 inter
1873 1492 1937 1528 baec

1155 1543 1327 1580 differentia
1342 1569 1352 1585 ‚
1377 1547 1464 1593 quod
1476 1545 1709 1580 obuentionum
1721 1543 1849 1578 nomine
1862 1556 1936 1578 om-

1156 1597 1202 1629 nis
1216 1606 1386 1641 prouentus
1397 1596 1636 1638 contineatur‚&
1650 1604 1707 1640 pro
1716 1590 1849 1639 generali
1861 1604 1940 1640 qua-

1153 1643 1224 1678 dam
1238 1642 1381 1680 Vtilitatis
1392 1643 1604 1691 delignatione
1625 1644 1818 1688 accipiuntur
1829 1667 1839 1684 ‚
1848 1642 1937 1677 eard.

1156 1692 1293 1727 Zarabel.
1309 1697 1340 1726 in
1352 1697 1477 1728 clement.
1499 1695 1577 1728 vnic.
1597 1693 1629 1727 de
1649 1691 1745 1736 exceff.
1763 1693 1876 1735 praelat.
1893 1694 1941 1727 Et

1155 1744 1299 1789 quamuis
1311 1742 1427 1778 frudus
1440 1748 1470 1777 ἃ
1485 1742 1601 1777 reditus
1616 1742 1744 1775 nomina
1757 1765 1768 1784 ‚
1782 1751 1816 1775 vt
1829 1744 1861 1774 δι
1874 1740 1934 1776 ob-

1158 1792 1315 1827 uentionis
1329 1796 1358 1826 &
1370 1792 1486 1829 reditus
1499 1791 1548 1826 hic
1562 1802 1617 1838 ‚vt
1628 1789 1797 1839 plurimum
1810 1789 1939 1836 ‚eadem

1958 1496 1988 1520 10

1156 1839 1380 1888 fignificatione
1403 1841 1610 1892 appellantur,
1632 1851 1735 1875 tamen
1749 1838 1865 1875 reditus
1877 1852 1937 1876 vo·
1956 1869 1992 1896 ὃ.

1158 1891 1301 1927 cabulum
1315 1890 1353 1935 (si
1369 1896 1529 1928 Connano
1541 1891 1710 1928 credimus)
1721 1891 1882 1937 proprium
1896 1887 1939 1924 est

1159 1942 1191 1977 in
1204 1954 1243 1976 eo
1254 1953 1329 1989 agro
1339 1943 1392 1990 qui
1406 1953 1536 1978 numero
1548 1940 1666 1977 locatur
1679 1953 1687 1974 ι
1708 1939 1796 1976 ldern
1817 1939 1849 1974 in
1861 1937 1940 1973 aedi-

1158 1991 1216 2026 bus
1230 1992 1294 2026 dici
1310 1991 1421 2039 potest.
1434 1993 1560 2027 Ρτυᾶυς
1571 2003 1674 2026 autem
1686 1991 1718 2027 in
1729 2002 1768 2024 eo
1782 1990 1837 2036 qui
1849 2000 1940 2024 natu-

1159 2040 1271 2077 ralibus
1282 2041 1504 2078 emolumentis
1518 2040 1637 2078 insistit.
1650 2041 1746 2076 Vnde
1761 2052 1824 2074 non
1838 2037 1940 2087 fruges

1159 2102 1280 2126 tantum
1296 2115 1306 2134 ,
1319 2103 1393 2139 quas
1404 2103 1480 2127 terra
1490 2090 1546 2127 fert
1557 2088 1775 2139 significantur,
1787 2087 1834 2124 sed
1846 2089 1941 2124 etiam

1159 2138 1255 2176 foetus
1266 2153 1412 2188 pecorum
1425 2166 1434 2182 ,
1447 2140 1512 2176 lana
1527 2144 1652 2181 ouium,
1665 2144 1696 2175 &
1710 2138 1768 2174 alia
1778 2137 1940 2174 huiusmo-

1160 2190 1205 2234 di,
1221 2202 1288 2237 quae
1300 2189 1416 2227 fruetus
1426 2190 1659 2237 extraordinarij
1672 2190 1817 2225 dicuntur
1827 2187 1845 2223 ὲ
1858 2191 1938 2223 Var-

1160 2253 1247 2284 rone,
1257 2243 1308 2277 lib.
1318 2254 1350 2276 2.
1365 2243 1396 2276 de
1411 2251 1440 2276 re
1448 2239 1517 2287 rust,
1527 2249 1588 2286 cap.
1611 2251 1640 2275 1.
1651 2237 1812 2274 Mercedes
1822 2236 1941 2274 habita-

1162 2291 1286 2326 tionum
1310 2290 1489 2326 naturaliter
1500 2303 1539 2326 ex
1551 2302 1581 2324 re
1597 2302 1661 2324 non
1674 2287 1862 2336 proueniunt
1873 2288 1942 2331 ,in-

1161 2340 1272 2382 de(vt
1293 2339 1388 2388 dixi)
1402 2339 1516 2376 reditus
1541 2339 1647 2387 potius
1664 2350 1760 2387 quam
1784 2334 1940 2373 fruetuum

1162 2388 1363 2438 appellatione
1383 2391 1514 2426 veniunt
1535 2404 1546 2424 .·
1564 2390 1707 2436 quamuis
1728 2387 1747 2434 (
1762 2398 1795 2424 vt
1817 2385 1941 2433 pulchre

1163 2442 1326 2475 Duarenus
1337 2441 1422 2485 ait‚1'n
1433 2442 1452 2475 l.
1464 2440 1593 2474 diuortio.
1605 2440 1636 2484 ξ.
1649 2438 1683 2474 de
1689 2435 1872 2483 pensionibus,
1884 2435 1940 2483 inf.

1154 2488 1237 2535 solut.
1255 2492 1396 2525 mammo.
1411 2488 1519 2524 ciuiles
1528 2486 1644 2524 fruetus
1653 2487 1749 2534 vulgo
1761 2500 1825 2523 non
1837 2485 1940 2534 inepte

1160 2539 1301 2586 appellari
1322 2537 1430 2574 solent.
1456 2537 1552 2574 Vnde
1574 2535 1651 2572 sicut
1662 2535 1778 2573 frutsttis
1790 2539 1833 2572 rei
1849 2536 1941 2572 dota-

1160 2587 1195 2622 lis
1208 2613 1218 2632 ,
1231 2590 1263 2624 in
1278 2587 1547 2624 contributionem
1559 2586 1769 2623 deducuntur,
1781 2586 1835 2622 Est
1846 2585 1940 2633 igitur

1159 2636 1217 2672 hoc
1236 2638 1307 2674 loco
1334 2638 1449 2674 reditus
1474 2649 1590 2674 nornen
1622 2635 1817 2684 nonlproprie
1836 2633 1941 2684 sump-

1160 2700 1228 2722 tum
1243 2712 1251 2727 ‚
1271 2688 1321 2724 sed
1333 2687 1513 2736 generaliter
1524 2712 1535 2728 ,
1559 2685 1638 2734 large
1649 2710 1661 2730 ,
1683 2684 1758 2722 sicut
1769 2690 1800 2722 &
1818 2684 1942 2721 obuen-

1159 2737 1267 2781 tionis,
1279 2738 1365 2786 quod
1377 2742 1407 2772 &
1422 2737 1494 2773 Alc.
1509 2737 1647 2784 quodam
1663 2735 1745 2780 loco,
1754 2738 1782 2772 d.
1794 2734 1941 2782 Lfrugem,

1161 2787 1214 2833 inf.
1233 2790 1265 2822 de
1275 2789 1348 2825 verb.
1360 2787 1463 2836 fignif.
1475 2786 1650 2823 annotauit.
1682 2785 1779 2823 Porro
1789 2783 1857 2820 fiad
1870 2796 1940 2832 pre-

1160 2838 1243 2875 cium
1274 2851 1314 2872 ex
1339 2837 1495 2873 locatione
1518 2838 1604 2871 nauis
1624 2847 1785 2884 acceptum
1804 2833 1939 2870 reditum

1161 2887 1384 2922 tantummodo
1395 2886 1570 2933 restringere
1581 2883 1725 2921 velimus:
1738 2883 1938 2933 proprijffima

1961 1997 1992 2033 3.

1162 2936 1217 2971 erit
1231 2936 1373 2976 locutio,
1393 2935 1508 2984 quoda
1532 2933 1712 2978 consultis,
1736 2933 1853 2983 praedio
1864 2944 1938 2970 orn-
1955 2928 1993 2963 4·

1162 2987 1238 3021 nino
1250 2987 1334 3027 nauis
1352 2986 1566 3034 aequipmetur,
1576 2983 1666 3033 Iason.
1680 2986 1738 3022 int.
1752 2985 1876 3033 plerique
1887 2992 1938 3019 nu.

1164 3036 1294 3082 9.fup.de
1307 3038 1386 3070 inim
1398 3033 1594 3084 vocanjdc'lue
1605 3046 1668 3068 non
1680 3035 1781 3075 male(
1792 3036 1858 3066 mea
1869 3029 1938 3066 sen-

1163 3087 1285 3126 tentia)
1298 3085 1465 3120 dicendum
1483 3083 1546 3129 est,
1567 3096 1605 3119 ne
1626 3080 1808 3132 superfluum
1820 3079 1897 3130 quid
1907 3081 1940 3116 in

1161 3146 1254 3170 textu
1263 3134 1418 3170 adiec‘tum
1441 3133 1617 3171 habeamus.
1916 3139 1921 3144 “

1205 3189 1277 3220 PER
1313 3195 1554 3221 AVERSIONEM.
1590 3179 1772 3218 Haefitatum
1793 3178 1812 3214 ὲ
1836 3175 1939 3229 pleris-

1162 3245 1223 3280 que
1246 3233 1289 3269 est
1307 3259 1319 3279 ‚
1341 3234 1419 3284 quid
1444 3232 1480 3270 sie
1496 3245 1547 3280 per
1556 3229 1742 3268 auerfionem
1754 3228 1936 3267 conducere.
1982 3229 1991 3241 ⁶

1166 3287 1280 3335 Accur.
1299 3295 1393 3332 quem
1414 3286 1445 3320 &
1457 3282 1636 3338 posteriores
1657 3277 1802 3318 nonnulli
1810 3274 1943 3329 sequun-

1894 3339 1945 3367 tur
