2052 3562
321 177 397 216 DE
449 178 890 219 TESTAMENTIS

106 239 178 278 suit.
190 240 360 289 Deinde‚vt
371 245 434 280 dixi
447 254 471 278 c.
486 254 510 277 1.
524 243 607 279 huius
617 245 668 282 lib.
685 246 724 284 ὠ»
734 249 898 293 approxi-

104 303 149 327 mo
155 291 377 339 superiorsatio
387 295 491 330 statuti
504 293 599 335 est,ne
609 296 713 330 nimiis
725 295 897 340 blanditiis,

108 342 159 379 vel
179 341 366 379 clanculariis
391 344 487 380 minis
507 345 612 391 potius
625 357 719 394 quam
727 345 777 382 sua
791 345 899 396 sponte

105 392 245 428 coniunx
258 393 296 428 ad
317 392 482 442 legandum
495 393 665 430 adducatur
675 419 686 440 ,
710 400 741 430 &
755 396 838 432 bona
848 397 899 434 sua

105 454 196 477 extra
214 441 362 479 familiam
385 442 630 480 transferendum
646 458 736 493 :quae
758 448 837 482 ratio
864 450 897 483 in

103 491 151 526 his
166 505 301 540 quorum
317 494 511 530 consuetudo
525 493 711 541 separatione
722 499 786 532 tori
801 501 831 532 δε
843 497 897 534 ha—

104 542 269 579 bitationis
287 543 413 592 abrupta
424 544 466 579 est
478 545 659 589 ‚euidenter
667 545 765 591 ccffir,
777 551 808 581 δι
822 561 896 596 pro-

104 591 179 627 inde
190 593 337 629 statutum
351 599 479 643 quoque
491 594 594 630 cessare
604 593 708 641 debet,
720 607 743 632 c.
760 607 823 631 cum
838 598 896 645 ces-

97 642 183 689 sante
204 651 263 679 ext.
288 645 320 677 de
343 648 433 690 appel.
460 644 548 680 Licet
571 644 666 692 igitur
687 646 835 682 statutum
856 648 896 684 de

103 692 291 740 coniugibus
310 691 455 742 loquatur
466 720 476 739 ,
496 697 528 728 δέ
541 693 591 730 hic
600 697 747 744 coniuges
762 695 817 732 elle
827 711 894 734 non

102 739 262 777 desinant:
278 744 356 778 ratio
379 756 482 779 tamen
506 744 610 781 statuti
628 746 730 782 verbis
740 746 807 795 ipfis
818 759 895 795 prae-

102 790 201 826 ualere
211 793 305 827 debet
315 816 326 835 ,
346 806 416 829 cum
434 806 467 828 ea
479 791 516 829 sit
527 806 612 830 mens
631 799 664 830 δι
675 798 778 832 anima
789 797 894 834 statuti

101 841 179 881 ficut
190 840 307 890 &legis
319 868 329 886 ‚
345 855 416 878 'non
428 856 532 880 autem
545 856 653 880 cortex
667 846 768 882 nudus
778 872 788 891 ,
800 852 830 882 &
843 847 892 884 su-

100 890 239 939 perficies
254 892 420 927 verborum
436 895 477 938 ,1.
495 907 523 941 3,
530 892 565 940 ff.
575 894 611 928 de
620 895 745 931 adimen.
760 900 833 943 lega.
843 901 891 945 gl.

98 943 136 976 ad
148 943 165 976 l>
181 953 238 975 non
258 943 380 978 dubium.
398 949 434 977 C.
457 944 584 988 delegib.
607 945 742 993 &Iason
754 947 791 982 ad
801 952 889 985 Auth,

97 992 163 1037 ing*
189 992 220 1025 si.
237 998 273 1026 C.
283 992 317 1024 de
320 990 426 1037 saedis.
442 992 544 1038 Eccles.
557 995 579 1027 Γ
583 1007 635 1029 um
647 997 724 1032 item
739 998 817 1033 vtiu
829 998 891 1035 ho·-

99 991 208 1090 ngi
227 1039 362 1077 tranlac‘ti
384 1043 577 1090 matrimonij
603 1043 663 1080 hoc
688 1045 887 1095 priuilegium

103 1086 224 1128 marito
249 1103 385 1127 remanet
397 1118 407 1136 ‚
436 1104 475 1126 ne
486 1094 519 1127 in
531 1095 608 1142 quid
621 1095 752 1141 amplius
764 1123 774 1141 ‚
794 1109 888 1145 quam

98 1139 194 1177 facere
215 1141 334 1189 potest,
355 1140 593 1184 condemnetur,
607 1148 629 1180 l.
634 1146 705 1191 sunt
713 1149 760 1191 qui
767 1144 805 1192 ff
816 1151 848 1183 de
858 1160 887 1184 re

98 1192 183 1228 iudic.
197 1194 219 1226 t.
232 1187 401 1236 maritmff.
409 1190 660 1237 fhlutfflatrimon.
675 1194 714 1231 (ic
729 1196 806 1232 nihil
820 1199 885 1232 im-
904 1192 906 1195 ’

98 1240 204 1288 pedire
215 1241 308 1276 debet
321 1253 462 1284 onrem,
472 1240 493 1277 fi
503 1245 694 1293 separatione
706 1243 783 1282 facia
794 1274 804 1289 ‚
815 1261 889 1282 om-

99 1290 192 1327 nibus
213 1291 333 1326 iniuriis
354 1290 517 1327 obliuioni
527 1294 609 1328 datis
621 1293 738 1342 aliquid
751 1297 778 1331 ei
788 1296 887 1344 legare

50 1359 59 1370 ο
99 1339 188 1378 velit.
203 1342 293 1377 Licet
308 1343 326 1361 *
339 1342 425 1376 eni-m
436 1341 505 1389 ipse,
520 1342 667 1391 indignus
678 1344 715 1380 fir
728 1346 746 1380 ὲ
758 1346 812 1383 tali
825 1361 885 1384 vx-

97 1402 151 1425 ore
165 1391 300 1438 legatum
320 1392 477 1437 expectare
490 1416 501 1435 ,
520 1395 574 1440 qui
595 1393 732 1440 sperandi
751 1395 887 1433 occasio-

96 1453 169 1476 nem
180 1439 309 1488 praebuit
322 1463 333 1481 ‚
355 1439 415 1487 ipsi
425 1452 529 1476 tamen
541 1441 701 1480 muliebris
718 1447 814 1481 animi
826 1448 887 1483 im-

97 1491 269 1538 potentiam
291 1488 430 1536 superans
453 1503 518 1526 non
539 1492 667 1540 indigna
691 1495 734 1530 est
744 1498 771 1531 ei
795 1485 902 1532 relin-x

96 1551 201 1587 quere.
224 1543 306 1575 Nam
320 1545 351 1574 &
365 1540 481 1587 impius
490 1539 574 1576 filius
584 1542 735 1590 indignus
743 1546 806 1594 est,
831 1548 886 1596 qui

95 1601 137 1624 ex
147 1589 332 1626 testamento
347 1592 442 1635 patris
463 1591 637 1638 quidquam
659 1593 786 1638 habeat,
812 1602 887 1633 vein

96 1640 218 1676 Authen.
229 1641 262 1675 de
272 1642 403 1684 appellat.
425 1640 540 1687 cognof.
554 1639 576 1676 fi
589 1653 693 1679 tamen
705 1657 791 1691 pater
799 1650 828 1682 ei
839 1659 888 1682 re*

96 1687 325 1735 linquerevelit
338 1715 348 1732 ,
361 1689 472 1737 vtique
494 1689 633 1728 reli&um
648 1690 794 1732 subsistet.
820 1698 886 1732 Cui

96 1738 201 1775 adfine
223 1739 266 1776 est
277 1739 365 1787 quod
384 1737 462 1774 olim
479 1739 531 1776 ille
540 1743 630 1778 omni
643 1755 675 1778 re
688 1747 828 1793 Magnus
837 1750 887 1780 A-

97 1788 266 1832 lexander,
286 1791 356 1824 cum
369 1789 482 1824 talenta
493 1802 545 1837 50.
557 1790 671 1828 Perillo
692 1794 800 1841 daret,
831 1801 889 1832 Pe-

105 1837 250 1888 rillusqne
263 1837 387 1876 dixiss'et
417 1849 469 1874 ιο.
483 1853 605 1878 tantum
623 1843 652 1878 se
676 1847 786 1881 mereri
804 1861 812 1882 ε
828 1847 889 1883 tibi

96 1888 226 1937 quidem
242 1916 253 1932 ,
263 1889 368 1936 inquit
378 1912 388 1930 ‚
401 1887 468 1923 satss
478 1890 521 1926 est
529 1885 636 1927 decem
649 1895 794 1942 accipere,
810 1896 890 1932 mihi

98 1936 203 1976 tamesi
215 1952 280 1974 non
293 1939 335 1975 est
348 1937 416 1974 satis
429 1937 536 1976 decem
558 1942 636 1977 dare.
659 1945 806 1993 Denique
816 1960 888 1983 cum

97 1988 245 2037 separatio
268 1986 351 2025 thori
373 1988 467 2024 causae
489 1992 704 2038 cognitionem
718 1993 889 2040 defideret,

99 2052 195 2085 eaque
205 2040 238 2075 in
251 2050 283 2073 re
302 2038 416 2074 iudicis
438 2039 654 2089 interponatur
663 2044 809 2082 officium
822 2072 833 2088 ,
846 2047 892 2082 fa-

97 2089 158 2125 cile
170 2086 284 2124 fraudis
298 2092 329 2123 δε
342 2085 520 2125 collusionis
542 2088 679 2138 suspicio
706 2094 812 2136 cessat,
835 2096 891 2132 niss

100 2138 225 2175 aliunde
237 2138 383 2185 probetur
392 2166 405 2184 ,
416 2139 437 2174 l.
448 2139 474 2173 ei
486 2139 546 2184 qui.
560 2139 600 2185 ff.
613 2143 646 2176 de
653 2143 732 2187 prob.
752 2148 773 2181 1.
785 2147 888 2183 dolum.

52 2217 61 2226 .
101 2196 137 2225 C.
155 2190 187 2228 de
198 2189 260 2224 dolo
271 2200 332 2224 ma.
355 2192 403 2224 At
413 2184 435 2222 fi
447 2187 606 2237 religionis
617 2204 692 2239 ergo
705 2192 787 2231 bona
796 2199 892 2244 gratia

102 2233 228 2285 separati
249 2235 307 2274 [int
329 2237 502 2285 coniuges,
522 2241 618 2288 magis
628 2242 671 2277 est
694 2254 730 2279 vt
744 2244 893 2283 statutum

104 2287 187 2324 istud
205 2286 310 2324 locum
333 2286 465 2332 habeat,
485 2288 557 2337 quia
574 2288 704 2327 dilefflo
717 2305 827 2331 mutua
839 2309 892 2344 per

105 2336 166 2374 hoc
180 2351 246 2373 non
260 2338 458 2373 imminuitur
470 2362 482 2380 ‚
507 2349 607 2385 neque
617 2340 739 2388 publica
748 2348 779 2379 &
790 2343 891 2383 hone-

106 2388 149 2425 sta
170 2389 250 2423 inter
272 2400 325 2422 eos
342 2385 530 2424 familiaritas
554 2387 662 2425 illicita
672 2391 714 2427 est
725 2408 742 2438 ,·
754 2394 895 2446 adeoc'iue

105 2435 226 2474 occasio
237 2436 387 2473 ditstatum
400 2435 620 2474 blanditiarum
632 2452 746 2480 manet.
754 2447 797 2481 In
803 2444 895 2485 simili

108 2489 153 2524 ita
163 2487 305 2523 videmus
318 2514 329 2533 ‚
348 2499 420 2522 cum
444 2487 592 2536 quaeritur
602 2502 639 2525 an
651 2486 838 2540 separatione
848 2496 895 2534 fa—

108 2538 159 2574 &a
180 2538 307 2573 maritus
328 2535 448 2572 lucrum
471 2535 560 2574 dotis
579 2538 772 2580 statutarium
793 2558 895 2595 petere

111 2586 204 2635 possit
218 2612 228 2630 ‚
248 2585 417 2634 distingui,
438 2586 560 2622 bonane
581 2589 685 2626 vtrius
700 2606 739 2629 ue
749 2597 895 2646 coniugis

111 2636 208 2685 gratia
218 2634 363 2682 separatio
371 2635 447 2671 faeta
456 2634 494 2673 fit
504 2662 515 2682 ‚
530 2650 569 2673 an
584 2638 658 2675 vero
671 2655 688 2677 a
701 2653 769 2679 tero
779 2645 897 2692 inuito,

113 2686 146 2722 δὲ
169 2684 213 2721 ob
234 2685 355 2721 alterius
373 2685 506 2733 culpam.
526 2690 624 2725 Socin.
637 2691 732 2738 C‘astr.
743 2697 826 2732 Alex.
837 2698 893 2745 Ias.

115 2737 154 2774 &
174 2742 245 2772 Dec.
266 2736 304 2770 ad
315 2736 336 2771 ἱ.
360 2747 389 2771 1.
409 2743 446 2771 c.
470 2736 541 2772 vnde
564 2739 747 2779 vir&vxor‚
761 2745 798 2783 (y
810 2746 896 2794 refert

116 2786 240 2821 Phanuc.
254 2785 370 2821 detucro
378 2785 438 2823 dot.
447 2786 485 2821 ad
497 2785 576 2823 verb.
590 2791 786 2831 Matrimonia.
813 2807 887 2832 nurn.

117 2839 175 2870 26.
190 2834 226 2872 &
240 2846 290 2880 30.
754 2841 757 2845 “

914 188 1195 230 ‘CONIVG0
1231 193 1342 230 Lrss.
1386 196 1466 232 IV.

1670 204 1738 252 607

1186 309 1218 342 C
1254 307 1287 341 A
1320 311 1357 345 Ρ.
1407 311 1502 350 xm.

947 419 1173 486 Sta-tutum
1191 427 1246 472 ne
1273 430 1373 495 quis
1385 429 1658 484 decumbens
1670 433 1736 484 lc:-v

1021 495 1098 538 <sto
1114 492 1368 553 testetur,an
1383 502 1732 570 comprehendat

1023 576 1216 615 vxorem
1232 580 1512 633 puerperam.

1160 703 1529 742 SVMMARIA.

945 826 970 849 1-
988 815 1106 863 Falfitas
1116 817 1192 853 circa
1203 817 1368 865 testamenta
1376 832 1506 862 notatur.

944 878 974 904 2,
988 873 1136 901 statutum
1148 893 1157 909 ,
1186 879 1221 901 ne
1238 873 1303 915 quis
1325 873 1490 910 decumbens
1510 877 1577 912 leffro
1600 872 1727 928 testetui,

1055 928 1112 950 non
1123 926 1247 962 pertinet
1259 920 1297 954 ad
1306 932 1421 959 onrem
1430 933 1609 973 puerperam.

938 1044 1020 1123 N
1039 1041 1121 1085 Vper
1140 1040 1173 1077 in
1199 1044 1313 1079 Senatu
1333 1043 1438 1081 nostro
1463 1045 1613 1089 statutum
1635 1065 1726 1090 vetus

1034 1088 1199 1138 allegatum
1220 1093 1262 1128 est
1274 1118 1285 1138 ,
1304 1108 1343 1129 ue
1361 1099 1411 1131 cui
1434 1108 1487 1144 per
1506 1098 1725 1140 infirmitatem

936 1138 1138 1176 decumbenti
1168 1140 1385 1181 testamentum
1403 1144 1498 1182 facere
1529 1150 1631 1188 liceat.
1654 1158 1726 1191 Ex·-

935 1191 1018 1237 cepit
1038 1202 1104 1237 pars
1125 1189 1247 1227 aduersa
1265 1193 1414 1231 statutum
1435 1210 1500 1233 non
1527 1199 1645 1248 valere,
1671 1217 1726 1242 aut

934 1238 1040 1276 saltem
1062 1241 1095 1275 in
1106 1252 1205 1275 vxore
1227 1254 1371 1292 puerpera
1397 1246 1504 1282 locum
1526 1248 1636 1287 habere
1656 1268 1725 1291 noti

934 1289 1028 1335 posse.
1040 1290 1103 1324 Sed
1129 1290 1289 1329 actoribus·
1309 1295 1439 1342 quidem
1452 1297 1555 1334 statuti
1568 1303 1649 1337 ratio
1669 1318 1724 1353 pa-

934 1342 1106 1375 trocinatur
1117 1365 1129 1383 ,
1144 1353 1182 1375 ne
1192 1353 1247 1389 qur
1267 1342 1349 1380 lec‘to
1368 1344 1467 1381 adfixi
1486 1346 1556 1385 sunt
1568 1375 1578 1392 ‚
1603 1354 1726 1402 impor-

934 1389 1063 1424 tunitati
1097 1388 1148 1424 seu
1169 1390 1249 1426 dolo
1280 1392 1536 1441 heredipetarum
1554 1397 1643 1437 facile
1656 1405 1725 1440 suc-

933 1439 1084 1475 cumbant
1108 1464 1120 1483 ‚
1140 1441 1309 1485 quomodo
1342 1444 1485 1481 videmus
1504 1448 1725 1490 testamentum

933 1500 1022 1523 exeo
1046 1487 1112 1524 solo
1125 1501 1266 1525 corruere
1277 1516 1288 1536 ‚
1306 1493 1395 1541 quod
1407 1494 1494 1531 testes
1507 1498 1641 1538 adhibiti
1665 1517 1726 1539 ex-

935 1548 982 1573 tra
1003 1539 1202 1585 conspectum
1222 1539 1388 1579 manserint
1411 1546 1565 1584 testatoris
1578 1551 1655 1598 ,ιβ
1667 1565 1726 1588 non

926 1588 1091 1634 spectatae.
1103 1591 1136 1624 de
1145 1589 1329 1639 testam.quia
1351 1593 1424 1631 licet
1436 1609 1536 1645 neque
1548 1603 1646 1646 paries
1658 1616 1726 1638 me·

937 1637 1008 1674 dius
1021 1663 1032 1679 ,
1046 1650 1144 1686 neque
1156 1641 1284 1676 cortinae
1309 1641 1360 1679 seu
1380 1646 1617 1693 peripetasmata,
1627 1652 1726 1687 inter-

932 1686 1030 1733 pofita
1040 1688 1153 1724 vitient
1163 1693 1357 1728 contrastum
1370 1718 1382 1737 ‚
1406 1695 1507 1731 modo
1518 1711 1584 1734 vox
1598 1711 1724 1737 contra—

933 1736 1076 1773 bentium
1090 1738 1216 1774 testibus
1239 1741 1335 1787 probe
1347 1755 1422 1780 nota
1431 1743 1468 1780 fit
1481 1747 1537 1783 :in
1559 1750 1725 1787 testamen-

933 1787 975 1822 tis
1003 1798 1107 1824 tamen
1136 1789 1238 1824 maior
1255 1791 1271 1828 †
1290 1789 1400 1830 falsitas
1422 1799 1581 1834 committi
1609 1801 1722 1849 potest,
1764 1804 1781 1845 ζ

934 1834 1003 1872 vtfi
1024 1839 1080 1885 qui
1104 1837 1137 1873 in
1157 1838 1401 1878 demortuorum
1423 1843 1529 1881 locum
1540 1846 1568 1884 se
1588 1849 1722 1889 submit-

934 1897 1000 1922 tant
1013 1900 1140 1929 ‚eorum
1161 1902 1274 1925 vocem
1294 1890 1439 1930 fimulent
1452 1920 1463 1936 ‚
1484 1901 1517 1931 δε
1539 1899 1583 1935 ita
1603 1914 1656 1936 eos
1675 1914 1726 1939 te-

935 1936 1002 1972 stari
1021 1939 1232 1975 mentiantur.-
1253 1953 1318 1989 quo
1339 1944 1379 1980 de
1398 1946 1529 1982 crimine
1551 1951 1724 1988 nonnullos

934 1985 1104 2035 aliquando
1125 1988 1282 2026 attestatos
1307 1997 1340 2028 δι
1362 1994 1487 2031 νὶηξὶος
1505 1994 1589 2034 fuisse
1612 2001 1645 2036 in
1656 2015 1723 2038 me-

936 2038 1037 2072 moria
1056 2036 1166 2073 habeo.
1192 2039 1302 2090 Siccjue
1333 2043 1583 2093 leia.l.1.§.⁴i·fi
1615 2062 1721 2089 omnes.

938 2085 1032 2132 verfic.
1044 2093 1078 2121 In
1087 2090 1151 2132 quo.
1160 2084 1193 2135 ff.
1204 2092 1348 2139 daventre
1358 2093 1462 2139 inspic.
1474 2093 1496 2130 fi
1507 2098 1619 2134 mulier
1637 2114 1726 2138 mor-

938 2148 995 2172 tuo
1009 2140 1122 2173 marito
1144 2138 1356 2187 praegn'antem
1364 2140 1394 2178 se
1402 2143 1457 2179 elle
1476 2145 1582 2195 dicat,
1600 2150 1634 2186 in
1656 2163 1724 2199 quo

938 2185 1077 2222 conclaui
1102 2189 1236 2235 paritura
1265 2191 1346 2236 erit,
1367 2191 1412 2228 ibi
1437 2207 1476 2231 ne
1501 2196 1605 2245 plures
1636 2202 1726 2240 aditu

937 2234 996 2272 {int
1009 2262 1018 2279 ,
1030 2248 1122 2284 quam
1134 2251 1211 2274 vnus
1220 2266 1230 2284 ,
1254 2239 1401 2290 rescripto
1412 2245 1572 2283 Diuorum
1593 2247 1725 2288 fratrum

938 2287 1036 2322 caueri
1059 2287 1124 2326 ait:
1149 2300 1220 2325 ante
1243 2290 1358 2327 ostium
1380 2293 1446 2330 eius
1463 2296 1621 2334 conclauis
1642 2300 1723 2337 libe·

939 2349 989 2371 ros
1001 2343 1124 2381 tres,&
1137 2348 1197 2374 tres
1218 2337 1327 2376 liberas
1350 2355 1423 2379 cum
1447 2343 1528 2382 binis
1549 2350 1725 2388 comitibus

940 2385 1094 2422 custodire
1107 2412 1118 2432 ‚
1132 2388 1324 2427 introeuntes
1346 2405 1512 2441 excutere,
1524 2398 1582 2433 tria
1604 2397 1725 2437 lumina

942 2449 996 2472 nec
1007 2437 1111 2474 minus
1122 2437 1168 2474 ibi
1179 2437 1234 2476 effe
1245 2455 1255 2475 .·
1267 2438 1386 2491 aliaque
1407 2443 1506 2482 multa
1518 2445 1558 2482 εό
1568 2452 1726 2497 pertinen-

940 2486 994 2529 tia,
1014 2498 1048 2523 vt
1069 2487 1227 2525 fraudibus
1252 2490 1357 2528 viduae
1381 2507 1579 2541 occurratur,
1595 2511 1665 2547 quae
1683 2500 1726 2536 ad

938 2532 1170 2575 excludendum
1209 2542 1416 2588 proximiores
1454 2548 1555 2582 mariti
1592 2547 1726 2586 haeredes

939 2584 968 2622 le
986 2598 1193 2636 praegnantern
1212 2589 1343 2638 fingeret
1362 2618 1374 2635 ,
1387 2599 1420 2629 δι
1442 2594 1577 2633 alienum
1598 2611 1726 2646 partum

940 2649 1074 2673 recenter
1100 2637 1222 2675 editum
1249 2640 1424 2688 subijceret.
1438 2647 1551 2693 Neque
1571 2649 1644 2693 quia
1663 2647 1727 2685 hoc

941 2685 1086 2725 statutum
1126 2688 1254 2725 videtur
1272 2689 1327 2725 effe
1350 2691 1458 2729 durius
1473 2718 1486 2737 ,
1515 2693 1589 2730 ideo
1615 2696 1725 2735 seruari

942 2749 1006 2772 non
1019 2736 1111 2773 debet
1125 2762 1134 2778 ,
1145 2738 1397 2785 Lprospexitffqui
1408 2744 1446 2781 ά·
1456 2742 1476 2777 ὰ
1490 2744 1722 2788 ᾳιιὶΙιΜαηκηιὶτ.

943 2788 1026 2821 Nam
1039 2790 1070 2821 &
1094 2785 1251 2832 alijslocis
1272 2787 1466 2828 consuetudo
1485 2793 1548 2837 cst,
1569 2809 1634 2833 non
1644 2797 1726 2846 posse

941 2847 1131 2884 quemquam
1155 2835 1210 2871 nifi
1234 2837 1290 2874 sub
1301 2837 1358 2874 dio
1380 2841 1476 2879 testari
1491 2842 1579 2891 :alijs
1600 2858 1727 2896 ternpo-

941 2884 1139 2927 recondendi
1165 2886 1338 2924 testamenti
1350 2890 1464 2928 ostium
1487 2892 1648 2932 domus&
1668 2909 1725 2934 m-

942 2935 1039 2976 biculi
1049 2947 1187 2984 apertum
1210 2937 1264 2973 effe
1274 2936 1387 2976 debere
1399 2967 1411 2987 ‚
1430 2953 1465 2977 vt
1474 2939 1586 2981 scilicet
1599 2944 1638 2982 de
1657 2959 1725 2983 ma-

942 2986 1011 3022 iore
1036 2984 1178 3032 libertate
1195 2987 1372 3030 testantium
1403 2989 1463 3026 hoc
1496 2993 1598 3030 modo
1633 3009 1649 3030 a
1671 3008 1726 3043 pa·

943 3048 1031 3073 reat:
1047 3046 1114 3073 turn
1138 3046 1265 3085 quoque
1288 3039 1438 3086 potuit&
1458 3039 1569 3080 debuit
1592 3056 1646 3081 mu
1661 3046 1726 3090 cr,

966 3084 1071 3122 uando
1087 3098 1210 3122 vrerurn
1230 3086 1259 3124 se
1280 3087 1394 3135 gestare
1416 3089 1527 3127 sciebat
1542 3091 1726 3136 ,huiusmo-

941 3097 978 3172 di
990 3134 1091 3172 casum
1101 3136 1390 3184 prouideressunte
1399 3150 1525 3186 partum
1533 3141 1644 3181 testari.

951 3224 954 3227 ,
995 3187 1103 3234 Magis
1126 3184 1189 3229 est,
1210 3184 1232 3221 li
1252 3200 1318 3236 quo
1337 3188 1439 3223 modo
1458 3187 1606 3229 statutum
1626 3192 1728 3230 valere

944 3234 1054 3283 poffit,
1082 3248 1146 3271 non
1166 3247 1270 3272 tamen
1290 3236 1435 3285 impediri
1447 3251 1578 3278 onrem
1597 3255 1729 3292 puerpe-

944 3297 1009 3321 ram
1035 3283 1250 3324 testamentum
1272 3283 1380 3322 facere.
1400 3287 1487 3327 Sicut
1496 3290 1625 3329 enimea
1647 3305 1724 3341 prae·

1279 3337 1310 3372 E
1319 3348 1336 3372 e
1345 3349 1362 3373 e
1372 3349 1396 3386 4
1594 3340 1728 3380 sumitur
