2052 3562
0 2006 16 2054 g

323 179 399 216 DE
450 175 911 214 TESTAMENTIS
962 178 1227 216 CONIVG.
1279 179 1382 216 LIB.
1410 177 1478 214 111.

1695 185 1756 225 575

97 245 179 281 missi
198 243 352 293 decessisse
367 252 604 292 proponantur
626 256 635 276 :
661 240 834 278 constanter
852 241 905 277 di-
949 252 983 286 4.
1013 245 1092 277 onr
1105 246 1238 290 quomodo
1258 254 1363 280 marito
1387 246 1543 290 relinquere
1561 241 1646 287 possn·
1659 267 1667 283 ,
1681 243 1758 275 cuius

93 308 200 331 cemus
220 293 495 331 fideicommissum
518 291 662 328 relisturn
683 290 808 337 videri,
817 289 902 339 quasi

94 358 179 381 nunc
188 344 299 382 datum
314 369 324 386 ,
338 343 412 380 etim
427 356 513 378 mors
533 345 577 378 eis
587 343 753 391 contigerit
766 356 775 377 :
788 341 903 379 videli-

93 407 143 431 cet
153 393 177 431 fi
187 395 345 432 durauerit
357 393 503 437 voluntas
513 394 582 441 post
593 392 875 427 manumissionem
886 391 899 438 ]

92 448 171 482 Hoc
183 445 267 481 idem
286 446 319 481 in
331 442 490 494 proposita
510 441 583 480 faeti
598 441 696 491 specie
720 441 900 479 indubitate

91 495 315 533 adseruauerim
332 520 341 538 ‚
366 494 389 532 sl
399 493 519 531 constet
532 505 664 530 vxorem
674 493 708 528 in
721 492 828 528 eadem
842 506 902 529 vo—

93 546 214 583 luntate
224 545 390 595 perstitisse.
418 548 466 580 Vt
478 556 555 580 tunc
569 542 685 581 scilicet
695 545 760 579 eius
770 541 900 590 disposi-

92 598 144 634 *tio
158 620 169 638 ‚
191 597 339 646 quamuis
361 609 427 632 non
446 594 595 630 adhibito
609 592 756 630 consensu
768 595 894 639 mariti,

94 645 237 683 effeetum
248 645 403 684 sortiatur.
430 644 531 681 Aliud
547 646 628 686 erit,
651 642 673 679 si
693 643 776 680 nulla
796 643 899 679 decla-

94 698 217 733 ratione
232 708 372 746 appareat
382 697 422 732 de
434 695 604 732 constantia
615 693 701 730 istius
712 692 899 732 voluntatis.

37 750 39 752 ’
95 751 176 784 Non
187 760 273 783 enim
285 746 427 796 praesumi
440 745 638 781 voluntatem
651 744 805 788 durare,in
819 745 898 781 hisce

94 798 237 835 terminis
246 798 288 834 ait
304 797 428 836 Barnad
436 797 464 832 d.
476 797 552 844 §.r
566 793 596 830 n.
611 799 645 832 6.
659 798 703 832 Et
713 793 780 830 sane
794 795 899 831 verisi-

94 847 177 884 mile·
185 847 227 884 est
241 873 251 892 ,
278 861 411 883 vxorem
433 858 498 881 non
510 858 550 880 eo
560 845 669 880 animo
679 845 898 882 testamentum

38 895 42 904 ’
92 897 172 934 illud
184 897 367 944 condidisse,
375 890 464 946 quod
475 893 602 941 nulliter
613 895 809 938 &inutiliter
819 909 899 934 con-

92 959 139 984 tra
152 949 256 984 statuti
267 946 399 984 sormam
418 945 520 982 testari
542 943 658 987 vellet,
682 959 777 995 quam
790 951 899 995 potius

91 996 178 1047 scqui
190 997 318 1034 voluisse
330 996 681 1046 praesumitur‚l.haeredes
690 1001 743 1032 mei
753 999 820 1044 §.at
833 998 900 1034 etim

93 1050 147 1086 ita.
159 1049 194 1097 ff.
206 1050 243 1084 aa
254 1050 367 1085 ruben.
381 1047 434 1084 sed
460 1046 550 1096 quod
561 1045 672 1093 aliquo
683 1059 826 1096 tempore
840 1061 902 1097 op-

93 1109 236 1146 portuno
248 1100 386 1136 viuentis
394 1096 620 1136 adhucmariti
643 1096 823 1133 consensum
839 1111 900 1146 po-

94 1147 202 1185 stulare
211 1147 396 1188 decreuerat.
414 1146 553 1184 Proinde
562 1147 579 1186 †
593 1144 708 1194 fidicas
719 1146 899 1195 regulariter

93 1200 307 1235 mutationem
329 1198 586 1236 voluntatis‘non
608 1197 768 1245 praesumi,
781 1199 801 1232 l.
820 1211 848 1244 3.
861 1203 899 1239 ά

94 1251 114 1284 l.
129 1261 205 1285 eum.
218 1251 278 1294 qui.
293 1246 329 1293 ff.
346 1249 501 1294 deprobae.
521 1250 541 1284 l.
556 1249 667 1283 Lucius.
696 1259 724 1284 1.
733 1246 770 1293 ff.
782 1252 814 1282 ae
825 1251 899 1295 lega.

93 1311 127 1334 2.
143 1309 206 1344 cap.
219 1300 339 1334 maiores
353 1325 360 1338 ,
374 1300 406 1334 de
417 1297 521 1345 baptis.
532 1295 702 1345 respondeo
713 1310 846 1344 ,1verum
866 1297 902 1334 id

93 1346 151 1385 esse
164 1348 254 1384 rebus
264 1350 297 1385 in
307 1349 422 1384 eodem
435 1351 510 1384 statu
521 1347 822 1395 permanentibus‚in
835 1361 902 1396 quo

94 1409 194 1442 erant,
208 1405 276 1434 Dec.
290 1399 328 1433 ad
337 1408 399 1444 cap.
418 1412 444 1434 1.
457 1409 488 1432 ce
502 1398 565 1432 iud.
578 1410 644 1433 non
658 1409 763 1434 autem
772 1398 901 1446 quando

35 1478 37 1482 ,
93 1447 269 1496 superuenit
281 1447 366 1483 causa
376 1441 479 1494 aliqua
489 1444 727 1492 inconfiderata‚
746 1452 777 1483 &
789 1448 829 1484 de
840 1461 901 1496 qua

21 1975 57 2001 2:

93 1496 302 1539 verisimiliter
311 1511 376 1533 non
389 1496 450 1533 fuit
461 1497 658 1544 cogitatum,
683 1510 719 1534 vt
741 1497 796 1533 hic
816 1511 901 1535 mors

93 1549 198 1585 mariti
210 1573 221 1590 ,
239 1558 299 1595 cap.
315 1559 353 1582 ne
363 1552 423 1592 quis
439 1546 479 1581 ibi
486 1547 600 1593 gl⁰ff·.2
608 1559 640 1582 2.
658 1559 709 1592 qu.
737 1560 749 1582 1
760 1562 790 1583 2.
814 1551 896 1586 Bald.

94 1601 182 1634 salic.
193 1610 225 1637 ω
242 1602 292 1644 atq·
302 1598 341 1632 ad
352 1600 372 1632 l.
394 1599 448 1632 vlt.
461 1603 500 1632 c.
512 1598 545 1631 de
562 1607 621 1632 non
642 1607 736 1635 nume.
756 1607 820 1644 pec,
840 1598 900 1634 lau}

93 1650 201 1685 alciae.
212 1648 304 1695 regul.
322 1660 355 1683 2.
366 1646 514 1694 presump.
529 1655 592 1692 cap.
610 1649 751 1683 16.m1m.
769 1662 797 1695 3.
813 1652 848 1686 6.
861 1652 898 1688 (φ

93 1711 126 1745 7.
142 1699 270 1746 Atqui,
293 1695 413 1733 rursum
435 1697 557 1745 inquies
570 1721 582 1740 ‚
610 1694 684 1732 clim
696 1700 779 1734 aetus
789 1697 900 1746 aliquis

45 1761 49 1765 ¹
90 1748 183 1784 venit
205 1747 244 1783 ad
273 1760 347 1783 eum
367 1746 470 1781 casum
492 1746 512 1780 ὲ
531 1758 598 1792 quo
611 1747 746 1796 incipere
757 1761 913 1796 poterat,v

90 1797 282 1846 conualescit
295 1821 306 1839 ,
329 1800 348 1832 t.
358 1795 387 1842 fi
399 1807 467 1832 rem.
478 1794 515 1840 ff.
530 1796 565 1830 de
581 1797 660 1832 ver&
681 1798 800 1844 obligat.
812 1801 834 1834 l.
847 1800 902 1834 mi-

90 1859 197 1884 norem.
218 1847 255 1894 ff.
280 1849 314 1881 de
335 1848 398 1881 ritu
417 1854 499 1891 nupt,
521 1848 544 1880 l.
555 1846 721 1882 interuenit.
729 1846 765 1893 ff.
776 1848 809 1882 de
817 1851 891 1894 lega.

80 1895 222 1945 pvaestan.
238 1895 396 1942 &fimilzla
411 1898 533 1931 Hocita
546 1895 636 1931 rebus
650 1896 777 1946 integris
788 1904 820 1934 &
834 1901 878 1933 im
888 1918 898 1924 -

91 1944 222 1984 mutatis
233 1974 241 1989 ‚
256 1953 289 1984 &
300 1944 429 1996 quando
441 1959 506 1981 non
515 1943 617 1981 solum
626 1946 647 1967 *
672 1949 793 1983 cessauit
812 1946 900 1984 causa

90 1997 267 2046 impediens
287 2021 298 2040 ‚
322 1995 372 2032 sed
385 1997 478 2032 etiam
490 1995 670 2044 superuenit
682 1997 768 2034 causa
781 1996 900 2034 confir-

91 2059 181 2083 mans
200 2073 212 2091 ,
233 2059 309 2084 tunc
331 2047 417 2082 enim
432 2047 522 2094 quod
545 2044 770 2093 abinitionon
782 2047 903 2090 valuit,

89 2100 188 2134 tractu
201 2096 352 2145 temporis
366 2094 532 2138 firmatur,
553 2105 585 2129 vt
607 2094 758 2143 dzstinguit
794 2101 901 2134 Dirum

91 2155 157 2192 cap.
173 2159 231 2182 non
251 2147 402 2194 firmatur.
424 2158 501 2182 num.
518 2159 551 2193 9.
565 2146 598 2179 de
608 2157 666 2191 reg.
679 2148 739 2183 iur.
752 2151 782 2183 in
796 2154 828 2185 6.
844 2161 899 2185 aut

0 2194 2 2198 ’
40 2239 42 2241 ¹
92 2195 147 2232 dic
159 2222 171 2239 ,
193 2194 364 2233 secundum
378 2198 463 2233 Bart.
482 2198 513 2230 in
531 2198 551 2230 d
571 2197 604 2242 ᾗ.
623 2210 653 2233 ι.
670 2208 750 2232 num.
765 2198 900 2247 2,quod

11 2947 16 2957 »

93 2244 170 2281 cum
181 2246 397 2283 testamentum
419 2258 485 2282 non
498 2245 595 2282 valuit
608 2247 728 2283 ratione
738 2248 877 2285 defeetus
887 2277 898 2296 ‚

95 2293 264 2334 solennitas
284 2323 299 2340 ,.
320 2310 390 2346 quae
412 2295 532 2346 respicit
552 2292 701 2333 fauorem
713 2298 874 2347 publicum
886 2326 898 2344 ‚

97 2345 276 2383 cuiusmodi
286 2346 336 2383 hic
346 2345 390 2383 est
408 2344 571 2382 consensus
587 2348 689 2383 mariti
709 2375 723 2394 ,
744 2363 810 2386 non
824 2363 899 2386 con-

99 2394 225 2433 ualescit
235 2389 329 2434 et'iam
341 2395 573 2445 impedimento
582 2395 724 2436 ceffinte.

387 2537 419 2570 C
446 2536 479 2570 A
502 2539 540 2574 Ρ.
577 2538 640 2574 IX.

110 2673 308 2724 Maritus
324 2690 381 2721 an
398 2672 548 2724 valide
575 2676 824 2729 consentiat
853 2700 903 2730 v-

186 2745 288 2792 xori
303 2746 363 2791 *in
392 2760 483 2791 rem
501 2747 592 2793 eius
611 2745 801 2797 testanti.

363 2879 653 2915 SVMMARIA.

110 3006 141 3032 1·
161 2988 283 3027 Maritus
302 2989 463 3039 consensum
483 2990 503 3026 ὶ
522 2990 633 3039 statuto
646 2993 808 3039 requisitum
820 3007 904 3040 „xm

191 3040 325 3134 ffhibere
340 3053 399 3076 non
418 3039 506 3087 potest
529 3043 567 3077 ad
586 3042 667 3089 ipsius
679 3052 851 3089 commodum
862 3063 906 3089 n-

151 3111 153 3114 ⁴
196 3117 198 3119 ·
223 3099 300 3128 ann·

111 3149 131 3174 2
141 3161 148 3170 .
165 3130 375 3225 suthtune
384 3136 455 3175 vxeir
463 3138 641 3187 testeturfine
648 3135 776 3191 consensu
789 3146 886 3179 mariti
896 3171 907 3191 ,

199 3190 231 3222 in
239 3187 290 3233 fau
377 3194 474 3224 vxom
495 3192 687 3226 introdueeum
695 3190 745 3238 est.

112 3247 142 3283 3.
163 3235 335 3282 constitutio
355 3241 462 3276 caroli·
479 3244 513 3276 V.
532 3250 567 3275 ne
579 3242 707 3277 minores
726 3243 907 3280 curatoribus
960 3241 1135 3286 fumeorum
1147 3245 1167 3279 1.
1181 3243 1255 3288 quid
1258 3245 1370 3289 fauore.
1384 3255 1422 3284 c.
1436 3251 1468 3284 de
1476 3251 1560 3297 legib.
1571 3253 1617 3287 Et
1630 3249 1668 3286 ad
1683 3264 1754 3288 eum
1779 3255 1809 3297 3.'

192 3285 252 3333 suis
265 3290 372 3335 legent.

1043 293 1258 342 consensum-ad
1266 292 1424 342 testandum
1437 295 1538 338 haben
1547 293 1637 328 debet.

949 388 1020 472 IN
1032 389 1092 426 hoc
1117 390 1250 428 articulo
1273 391 1589 442 praecognoscendum
1607 390 1733 429 videtur
1743 416 1756 436 ,

991 441 1069 489 quid
1083 442 1116 476 in
1127 439 1281 478 similibus
1293 444 1413 479 actibus
1423 470 1433 489 ,
1458 445 1690 491 vbieauCRoritas
1699 454 1755 477 aut

948 489 1111 527 consensus
1122 493 1291 539 requiritur
1300 518 1310 536 ‚
1322 495 1531 531 constitutum
1545 493 1592 532 sit.
1614 495 1689 531 Eius
1699 504 1755 528 au-

948 551 1013 576 tem
1027 542 1069 576 rei
1081 541 1200 578 summa
1212 548 1243 578 &
1257 553 1290 576 m
1302 544 1368 578 iure
1383 545 1490 580 nostro
1502 570 1513 588 ‚
1534 549 1565 580 &
1588 544 1670 592 apud
1682 542 1755 579 scri-

949 590 1057 627 bentes
1070 592 1178 640 passim
1189 591 1231 628 est
1242 594 1373 629 varietas
1382 621 1392 639 ,
1415 597 1458 632 ita
1479 607 1512 630 vt
1523 593 1653 631 difficile
1664 591 1753 630 futu-

947 653 1017 676 rum
1027 655 1093 677 non
1106 640 1144 677 sit
1164 667 1175 684 ,
1201 644 1234 677 in
1259 642 1374 679 multas
1396 646 1516 694 pignias
1532 657 1546 681 t
1563 647 1752 682 affationem

947 691 1036 727 istam
1049 691 1237 728 diffundere.
1254 696 1285 726 V
1287 692 1377 729 eri‘im
1389 707 1427 732 tu
1438 696 1476 731 ad
1490 697 1693 742 Andssiraq.
1702 694 1756 728 di·

953 741 1189 789 ligentiffimum
1212 741 1447 781 obseruatorem
1461 747 1525 780 redi
1538 771 1549 788 ,
1575 750 1606 782 in
1619 747 1694 780 trac'r
1721 744 1754 777 de

947 795 1121 838 leg.connub
1130 793 1294 839 gloffi6.ad
1305 794 1384 829 verb.
1394 795 1588 851 Desoiimary
1600 793 1713 841 ‘IMfl-¹
1724 806 1757 828 2.

1023 844 1205 879 Enimuero
1250 842 1410 881 diuerfitas
1451 842 1610 894 bonorum
1649 844 1757 880 vxoris

947 889 1174 929 consideranda>
1197 894 1250 931 est.
1284 897 1369 930 Nam
1393 894 1415 932 fi
1441 906 1522 943 viror
1545 897 1584 932 de
1606 895 1643 944 iis
1663 895 1728 930 bon

942 941 1109 990 >disponere
1121 943 1198 981 velit
1209 972 1220 991 ‚
1241 957 1380 994 quorum
1397 945 1606 991 stauracius,
1621 944 1671 980 vel
1681 956 1759 992 por—

948 993 997 1028 tio
1006 993 1195 1032 haereditatis
1213 995 1253 1030 ad
1275 997 1424 1032 maritum
1439 992 1629 1048 superstitem
1641 1007 1695 1031 aut
1707 994 1756 1029 iu-

949 1055 981 1079 re
990 1044 1105 1091 scripto
1130 1071 1141 1089 ‚
1166 1058 1219 1088 aut
1233 1045 1375 1082 moribus
1393 1046 1456 1084 loci
1471 1045 1757 1096 perueniredebet‚

949 1092 1140 1131 hauddubie
1168 1109 1208 1131 eo
1228 1096 1335 1132 inuito
1358 1097 1503 1133 voluntas
1526 1097 1664 1133 mulieris
1675 1091 1757 1131 nihil

949 1145 1060 1187 efficit,
1073 1148 1092 1181 l.
1098 1147 1127 1180 id
1133 1147 1207 1191 quod
1218 1145 1388 1192 nostrumde
1398 1151 1519 1196 reg.iur.
1533 1152 1579 1184 At
1590 1145 1612 1183 si
1625 1144 1758 1182 consen-

950 1196 1009 1237 tiat
1021 1195 1267 1232 testanti:sicuti
1289 1199 1348 1232 iuri
1369 1211 1426 1247 pro
1449 1196 1477 1234 se
1500 1197 1685 1235 introdue'to
1707 1209 1756 1231 re-

950 1248 1096 1281 nunciare
1109 1246 1221 1295 potest,
1231 1249 1360 1291 l.pen.c.
1376 1249 1410 1282 de
1419 1248 1532 1293 pac.ita
1545 1253 1576 1285 &
1592 1248 1684 1290 illi,in
1699 1259 1756 1281 cu-

952 1296 1000 1329 ius
1016 1295 1186 1333 vtilitatem
1199 1295 1533 1338 consenfir,tenebitur.
1545 1310 1601 1344 qua
1611 1300 1643 1333 de
1656 1297 1754 1343 resup.

948 1347 1158 1393 li.1.&2·nf.li.
1173 1360 1207 1393 4.
1222 1358 1266 1382 ca.
1281 1360 1332 1382 10.
1345 1349 1384 1384 de
1396 1347 1577 1384 huiusmodi
1588 1347 1663 1383 vero
1676 1360 1758 1383 con-

947 1392 1032 1430 sensu
1045 1396 1097 1432 hic
1122 1409 1187 1432 non
1201 1397 1383 1444 loquimur,
1405 1398 1461 1433 vbi
1479 1398 1564 1434 nulla
1582 1397 1755 1447 disputatio

949 1443 992 1479 est
1013 1471 1025 1490 ,
1050 1460 1089 1482 an
1109 1458 1191 1481 vxor
1214 1448 1328 1483 marito
1347 1446 1556 1485 consentienti
1583 1460 1647 1484 rem
1670 1445 1755 1482 illius

948 1496 1107 1542 propriam
1134 1496 1233 1545 legare
1259 1498 1363 1544 possit.
1389 1501 1553 1533 Caeterum
1577 1497 1599 1533 si
1625 1497 1665 1533 de
1687 1495 1756 1532 aliis

948 1544 1041 1581 bonis
1054 1547 1161 1583 vxoris
1180 1559 1374 1595 proponatur
1398 1548 1529 1596 quaestio
1550 1573 1562 1592 ,
1586 1550 1620 1584 in
1637 1546 1756 1597 quibus

949 1594 1028 1631 nihil
1042 1597 1117 1633 iuris
1138 1610 1172 1633 ea
1197 1599 1216 1619 *
1242 1610 1368 1634 mortua
1388 1599 1504 1635 marito
1530 1610 1706 1646 competit,
1721 1601 1754 1632 Sc
1809 1622 1812 1624 v
1864 1612 1868 1615 ·

948 1645 988 1681 de
997 1648 1134 1694 quibus,
1161 1645 1286 1683 cessante
1309 1648 1427 1685 statuto
1446 1674 1457 1693 ,
1477 1648 1531 1684 illa
1548 1647 1674 1684 liberam
1686 1646 1755 1684 esset

951 1694 1094 1734 habitura
1114 1694 1352 1744 dispofitionem
1369 1697 1508 1735 :tametsi
1531 1698 1655 1735 videam
1674 1711 1755 1734 con-

950 1744 1116 1784 suetudine
1157 1746 1331 1783 multarum
1376 1749 1614 1795 prouinciarum
1648 1760 1757 1796 recep-

951 1808 1020 1831 tum
1032 1797 1087 1833 esse
1100 1822 1111 1841 ‚
1132 1808 1168 1832 vt
1191 1798 1321 1832 maritus
1342 1797 1381 1833 ad
1401 1799 1561 1846 propriam
1583 1796 1755 1835 vtilitatem

951 1846 1124 1884 consentire
1145 1847 1237 1895 possit
1260 1872 1271 1889 ‚
1304 1858 1409 1884 tamen
1429 1849 1469 1884 ad
1488 1848 1562 1885 iuris
1579 1848 1683 1897 scripti
1707 1860 1755 1883 ra-

951 1897 1074 1935 tionem
1103 1897 1191 1945 quod
1213 1899 1325 1934 attinet
1349 1922 1360 1939 ,
1377 1899 1568 1935 contrarium
1582 1897 1756 1935 dicendum

951 1949 1078 1995 opinor.
1091 1950 1171 1983 Non
1183 1949 1265 1984 enirn
1277 1947 1316 1984 ab
1327 1961 1362 1984 ea
1374 1949 1523 1985 sententia
1532 1950 1756 1998 recedo,quam

951 2002 984 2032 &
998 1997 1068 2034 ante
1081 1995 1198 2047 semper
1209 2000 1320 2039 tenui‘,
1329 1999 1417 2047 quod
1430 2000 1578 2036 statutum
1590 1999 1666 2036 illud
1678 2012 1758 2035 con-

952 2046 1071 2084 sensum
1085 2050 1105 2071 *
1119 2049 1224 2084 mariti
1236 2049 1364 2096 exigens
1378 2074 1388 2091 ,
1401 2050 1434 2085 in
1445 2048 1585 2086 fauorem
1597 2047 1734 2086 mulieris
1743 2074 1754 2094 ‚

953 2103 986 2133 &
1000 2099 1037 2135 ad
1051 2097 1262 2146 integrandam
1276 2100 1342 2135 eius
1352 2098 1512 2148 personam
1533 2100 1756 2136 introduc‘tum

952 2148 1004 2185 est.
1019 2151 1061 2184 ita
1071 2151 1146 2184 enim
1167 2150 1269 2185 volunt
1290 2156 1373 2186 Bart.
1390 2150 1472 2187 Bald.
1485 2149 1564 2197 Cast.
1576 2153 1612 2190 (5
1624 2153 1674 2197 atq·
1685 2151 1722 2185 ad
1732 2152 1755 2188 l.

952 2199 1185 2245 transaHionem.
1208 2204 1247 2234 C.
1260 2200 1292 2233 de
1303 2198 1441 2246 transuit.
1454 2201 1544 2235 Amb.
1559 2204 1589 2235 ὶη
1599 2210 1663 2246 cap.
1683 2216 1709 2238 ι.
1720 2213 1751 2248 q.

958 2262 1005 2285 iz.
1020 2247 1093 2294 vers.
1120 2246 1178 2283 Hic
1192 2249 1268 2283 cadit
1279 2247 1371 2296 quast.
1393 2249 1427 2284 de
1438 2248 1548 2296 constit.
1562 2250 1675 2297 Fulgos.
1689 2254 1720 2286 in
1732 2253 1756 2287 1.

945 2296 973 2343 fi
984 2310 1065 2333 vnus.
1090 2301 1119 2345 ς.
1141 2300 1238 2344 pastus
1255 2309 1291 2331 ne
1300 2308 1405 2343 peteret
1411 2297 1448 2344 ff
1461 2301 1494 2333 de
1503 2301 1578 2344 past.
1596 2303 1678 2336 Alex.
1694 2302 1755 2336 int.

957 2361 986 2386 ι.
992 2346 1028 2393 ff.
1036 2348 1069 2383 de
1088 2357 1169 2383 auto.
1191 2355 1249 2384 eut.
1270 2345 1328 2384 late
1340 2355 1424 2383 Ioan.
1436 2354 1536 2384 franc.
1553 2351 1626 2394 Ripa
1636 2352 1673 2385 ad
1683 2352 1704 2387 Ι.
1724 2362 1754 2386 1.

952 2397 1057 2444 §.fuit
1067 2397 1229 2444 quaefieum,
1244 2409 1323 2434 num.
1339 2402 1373 2434 6.
1382 2395 1416 2443 ff
1427 2400 1467 2433 ad
1477 2399 1592 2438 Trebell.
1605 2401 1643 2438 (γ’
1654 2402 1757 2446 ingens

953 2458 1084 2482 numerus
1105 2450 1192 2484 Doti.
1215 2458 1285 2491 quos
1293 2451 1323 2482 in
1335 2449 1363 2484 d.
1378 2450 1413 2484 li.
1430 2448 1463 2483 de
1474 2452 1530 2494 leg.
1544 2449 1665 2485 connub.
1675 2449 1757 2496 gloff.

952 2510 987 2544 4.
1020 2499 1059 2531 ad
1086 2497 1162 2533 verb.
1200 2495 1420 2542 consentement.
1441 2498 1512 2545 vers.
1536 2496 1630 2544 Restat
1652 2500 1755 2544 ignur.

949 2544 1099 2592 percenset
1123 2548 1223 2591 Τίνας,
1238 2545 1351 2584 scilicet
1371 2561 1410 2583 ne
1422 2560 1503 2584 vxor
1526 2559 1579 2583 aut
1604 2547 1755 2584 muliebri

956 2594 1105 2631 facilitate
1143 2594 1221 2644 lapsa
1239 2620 1251 2637 ,
1283 2609 1336 2632 aut
1361 2597 1617 2646 haeredipetarurn
1639 2595 1760 2634 fraudi-

954 2644 1012 2680 bus
1033 2649 1064 2680 &
1087 2643 1373 2682 insimulationibus
1393 2645 1523 2695 persuasa
1542 2673 1553 2692 ,
1576 2646 1755 2695 fiaitiisque

954 2692 1050 2731 caufis
1070 2694 1217 2742 impulsa,
1240 2693 1344 2731 liberis
1356 2722 1368 2741 ,
1385 2695 1563 2743 parentibus
1582 2721 1595 2742 ,
1614 2709 1669 2734 aut
1679 2709 1756 2746 pro-

955 2745 1080 2792 pinquis
1091 2744 1302 2780 haereditatem
1326 2747 1434 2794 eripiat
1447 2772 1458 2792 ‚
1482 2751 1515 2783 &
1535 2747 1574 2782 ad
1585 2744 1662 2783 alios
1675 2744 1755 2783 mol&

968 2795 1118 2837 meritos,
1138 2793 1268 2832 odiosos
1289 2821 1298 2836 ‚
1321 2796 1458 2846 ingratos
1482 2796 1655 2836 transferat.
1672 2801 1755 2841 Quae

956 2844 1036 2879 ratio
1068 2844 1142 2879 (sim
1174 2843 1319 2881 aduersus
1341 2846 1508 2896 ipsummet
1528 2849 1676 2884 maritum
1704 2858 1758 2882 vr-

956 2895 1019 2943 geri
1045 2895 1157 2943 possit,
1182 2896 1236 2942 qui
1249 2893 1331 2932 forte
1354 2897 1403 2933 vel
1423 2897 1662 2948 importunitate
1683 2909 1756 2947 pre-

957 2957 1030 2979 cum
1040 2970 1050 2986 ,
1075 2942 1124 2980 vel
1133 2943 1381 2993 dedignabundo
1391 2949 1476 2997 gestu
1486 2976 1497 2992 ,
1509 2949 1558 2985 vel
1569 2950 1662 2985 minis
1675 2949 1756 2986 clam

958 2992 1106 3030 adhibitis
1119 2997 1228 3030 vxoris
1251 2999 1391 3033 animum
1402 2999 1579 3048 perpelleret
1594 3013 1679 3037 :non
1705 2990 1756 3035 vi-

958 3043 1020 3079 deo
1032 3043 1099 3079 sane
1123 3056 1189 3092 quo
1201 3047 1293 3093 paeto
1312 3044 1368 3083 sibi
1383 3049 1416 3084 in
1439 3061 1503 3085 rem
1525 3051 1680 3100 propriam
1700 3062 1758 3087 au-

959 3095 1027 3129 ἂοι·
1039 3093 1093 3129 esse
1106 3094 1199 3140 possit
1210 3119 1222 3137 ‚
1248 3093 1304 3132 nisi
1316 3100 1399 3134 viam
1415 3099 1576 3136 monstrari
1596 3099 1673 3137 velis
1682 3127 1692 3143 ,
1704 3108 1757 3148 pet·

959 3157 1053 3191 quam
1068 3142 1156 3179 facile
1174 3145 1206 3180 in
1217 3144 1330 3181 odium
1353 3149 1459 3184 vxoris
1478 3148 1666 3200 familiaec'jue
1690 3152 1758 3187 eius

959 3193 1198 3242 detorquerctur
1208 3195 1258 3235 id,
1287 3197 1374 3243 quod
1397 3196 1506 3236 fauore
1516 3202 1583 3237 eius
1591 3201 1756 3248 proditum

963 3293 1128 3343 modun&
1152 3296 1183 3329 C
1187 3292 1261 3330 arol-
1285 3299 1330 3333 V.
1343 3300 1425 3347 Imp.
1445 3300 1589 3351 Princeps
1597 3300 1703 3347 ,noster
1713 3300 1758 3335 sa—

1685 3348 1768 3386 lubri

1777 1633 1789 1657 1

1777 2063 1812 2100 2:
