2052 3562
409 190 722 229 PARTITIO
776 189 1168 229 TITVLOR'VM
1219 195 1262 229 V.
1292 196 1321 230 Ι.

165 262 226 294 Lex
242 268 279 293 10
283 269 311 303 3.
329 254 501 302 Modestinus
513 256 602 292 eibm
613 266 624 288 1
635 263 647 286 1
658 278 666 291 .
676 253 811 297 Regular.

144 308 234 342 Licet
257 305 392 355 capitalis
423 305 535 343 Latine
569 302 773 353 loquentibus
790 301 895 336 omnis

96 355 181 392 caula
196 355 439 392 existimationis
454 355 597 393 videatur
608 379 620 398 ,
635 363 744 406 tamen
761 351 896 399 appella-

95 407 145 442 tio
155 406 294 453 capitalis
303 408 414 443 mortis
427 406 477 443 vel
494 405 662 443 amiffionis
683 403 820 436 ciuitatis
844 403 896 437 in-

97 455 265 505 telligenda
276 456 331 494 est.
756 497 759 500 ἢ

136 512 201 541 Lex·
212 519 280 554 131.
295 508 427 554 lez'anus
442 507 493 542 lib.
501 519 528 554 3.
536 517 568 542 11
581 503 647 540 had
662 501 790 547 nauh&
801 506 873 544 Pap.

155 560 243 600 Inter
255 557 387 594 multam
403 561 435 592 δι
467 566 574 593 cenam
586 550 725 589 multum
749 549 894 596 interest,

92 617 167 641 cum
180 619 271 654 poena
282 606 422 656 generale
443 619 468 642 rt
479 616 595 642 nomen
607 628 617 646 ‚
633 607 666 638 &
679 603 825 638 omniurn
838 599 895 655 de-

93 654 242 693 lidorum
263 657 414 700 coercitio
435 671 444 693 :
467 654 567 699 multa
596 652 735 701 specialis
755 661 893 699 peccati,

95 709 183 743 cuius
193 706 416 745 animaduersio
430 705 526 743 hodie
543 704 716 752 pecuniaria
735 701 787 737 est.
819 704 894 735 Poe-

95 755 135 793 na
148 768 252 793 autern
272 772 338 794 non
357 755 480 795 tannim
515 755 706 807 pecuniaria,
732 763 839 788 verum
860 755 894 785 &

94 807 204 858 capitis
229 800 262 843 ὃς
276 840 279 844 .
293 808 529 846 existimationis
563 804 691 853 irrogari
722 801 799 857 solet
827 816 836 836 ε
860 805 894 835 &

95 855 193 893 multa
214 857 343 906 quidem
355 870 396 894 ex
404 857 535 894 arbitrio
545 856 611 891 eius
623 854 712 892 venit
725 864 801 900 ‚qui
811 849 894 887 mul-

53 907 58 916 '
94 919 157 943 tam
167 905 258 946 dicit.
286 912 382 944 Poena
396 920 460 946 non
471 910 626 956 irrogatur
636 930 648 950 ‚
667 901 722 940 niii
733 915 802 951 quae
815 915 894 951 qua-

93 969 231 1005 cumque
242 957 308 1006 lege
321 958 371 995 vel
381 970 447 1007 quo
466 957 529 995 alio
544 959 610 992 iure
633 953 801 1002 specialiter
822 953 896 988 huic

93 1005 211 1044 defleto
230 1008 379 1056 imposita
393 1008 445 1045 est.
464 1004 623 1054 Qinim6
654 1003 753 1041 multa
773 1003 817 1038 ibi
843 1002 892 1037 di-

93 1056 196 1098 citur,
218 1059 274 1095 vbi
285 1059 453 1109 specialiter
474 1070 569 1106 poena
592 1070 658 1095 non
681 1054 724 1091 est
738 1051 894 1108 imposita.

50 1128 51 1131 =
92 1110 174 1143 Item
185 1109 318 1145 multam
338 1111 363 1144 is
372 1110 474 1146 dicere
488 1108 601 1157 potest,
629 1105 681 1143 cui
699 1104 894 1140 adiudicatio

52 1204 54 1206 v
91 1156 164 1194 data
181 1157 225 1193 est
244 1185 255 1202 ,
281 1158 473 1209 magistratus
498 1159 583 1197 enim
599 1155 684 1193 solos
699 1159 731 1191 &
752 1151 893 1209 praefides

91 1209 322 1255 prouinciarum
337 1209 417 1259 poss'e
439 1211 570 1250 multam
592 1208 716 1247 dicere,
742 1204 896 1252 mandatis

92 1257 268 1307 permissum
277 1261 332 1296 est.
348 1264 478 1297 Poenam
500 1271 605 1297 autem
635 1254 896 1308 vnusquisque-ir-

95 1321 204 1357 rogare
212 1311 335 1356 potest,
357 1313 407 1347 cui
433 1308 526 1348 huius
550 1307 690 1346 criminis
708 1304 771 1342 fiue
787 1303 896 1340 dehffi

92 1361 239 1395 executio
254 1363 426 1411 competit.

374 1417 434 1445 Lex
450 1420 527 1455 244.
541 1407 645 1442 Labeo.

142 1458 175 1494 Si
192 1472 253 1509 qua
265 1473 358 1509 poena
370 1459 524 1501 est,rnulta
536 1456 578 1492 est
594 1471 603 1491 ι
617 1455 639 1492 [i
650 1467 714 1504 qua
728 1455 827 1491 multa
841 1452 894 1494 est,

92 1518 188 1555 poena
210 1510 263 1546 est.
289 1510 400 1546 Paulus
418 1535 429 1554 ,
453 1513 635 1555 Vtrumque
648 1517 759 1541 eorum
787 1501 896 1539 salsum

94 1558 138 1594 est
162 1584 175 1604 ,
200 1572 335 1609 namque
354 1560 463 1597 harum
485 1569 586 1594 rerum
610 1554 835 1591 diffimilitudo
857 1565 897 1588 ex

95 1607 160 1646 hoc
166 1621 293 1659 quoque
315 1622 440 1660 apparet
449 1635 461 1655 ,
485 1606 576 1658 qudd
588 1605 627 1642 de
638 1617 732 1653 poena
743 1616 897 1654 prouoca-

93 1658 146 1694 tio
160 1672 224 1696 non
236 1661 278 1697 est
292 1659 405 1697 :simul
425 1672 519 1708 atque
530 1658 613 1692 enirn
631 1656 740 1692 ‘vietus
762 1655 833 1704 quis
854 1653 898 1689 est

95 1712 164 1746 eius
173 1709 319 1758 maleficii
331 1737 342 1754 ‚
361 1712 451 1747 cuius
462 1721 556 1759 poena
577 1706 622 1743 est
642 1706 773 1748 statuta,
795 1698 897 1740 statim

93 1771 128 1794 ea
141 1757 284 1799 debetur.
299 1766 346 1798 At
356 1760 464 1798 multae
484 1757 672 1808 prouocatio
687 1756 729 1793 est
741 1782 752 1802 ,
775 1768 830 1792 nec
842 1767 898 1789 an-

92 1807 126 1844 te
138 1808 269 1847 debetur
280 1837 291 1856 ‚
304 1824 397 1859 quam
408 1823 464 1848 aut
476 1822 542 1845 non
551 1806 594 1844 est
609 1817 830 1855 prouocatum,
843 1814 897 1840 aut

93 1870 284 1907 prouocator
305 1862 405 1897 vietus
424 1860 466 1896 est
478 1883 490 1902 ‚
513 1872 570 1895 nec
586 1857 696 1900 aliter,
719 1855 816 1905 quarn
830 1852 853 1890 si
873 1855 899 1889 is

93 1907 210 1957 dixerit
219 1936 229 1954 ‚
244 1913 294 1947 cui
307 1912 408 1948 dicere
418 1909 502 1947 licet.
516 1913 569 1947 Ex
578 1906 640 1942 hoc
648 1919 776 1955 quoque
790 1917 895 1940 earum

93 1970 195 1995 rerum
205 1953 430 1998 dissimilitudo
441 1971 580 2009 apparere
592 1958 709 2005 poterit
723 1982 734 2001 ‚
744 1955 817 2003 quia
830 1968 899 1990 cer-

94 2019 135 2044 tae
149 2021 250 2057 poenae
275 2009 467 2059 singulorum
492 2019 690 2056 peccatorum
711 2006 802 2042 sunt:
817 2004 901 2040 mul-

93 2070 134 2094 tae
144 2071 256 2096 contra
267 2086 278 2105 ‚
293 2063 367 2110 quia
379 2063 444 2096 eius
459 2059 573 2094 iudicis
587 2056 717 2103 potestas
733 2054 786 2097 est,
799 2066 899 2101 quan-

93 2106 158 2144 tam
169 2108 255 2148 dicat
266 2137 277 2155 ,
289 2110 346 2148 nisi
355 2123 431 2151 ‚cum
442 2108 508 2157 lege
518 2107 730 2143 constitutum
745 2106 899 2153 est‚quan-

90 2169 159 2195 tam
177 2158 274 2196 dicat.

180 2227 255 2276 Ex
274 2226 372 2276 Iure
385 2226 568 2275 Canon.
583 2225 681 2273 eod.
701 2223 806 2282 Tit.

258 2323 332 2362 Cap.
347 2328 407 2362 24.
417 2316 593 2351 Innocentius
606 2314 726 2348 Tertius.

155 2367 246 2401 Cum
277 2368 355 2401 olim
378 2378 435 2413 pro
455 2364 628 2401 Canonicis
652 2360 903 2399 Carnotensibus

90 2414 257 2462 quoddam
269 2415 441 2462 capitulum
461 2425 568 2450 contra
592 2425 624 2448 te
635 2409 694 2448 suit
707 2411 873 2461 allegatum
882 2438 896 2456 ,

89 2464 181 2513 quod
193 2464 337 2501 dicebant
350 2466 381 2500 in
392 2463 534 2500 Ecclefiae
557 2462 614 2498 suae
629 2461 797 2511 priuilegiis
816 2476 896 2499 con-

94 2516 209 2559 tineri,
237 2527 271 2551 vt
290 2514 437 2551 videlicet
462 2513 581 2550 nemini
611 2513 699 2549 liceat
710 2525 896 2549 excommu-

93 2565 204 2609 nicatis
220 2590 231 2609 ,
252 2564 302 2601 vel
314 2565 505 2601 nominatim
531 2562 705 2599 interdiffls
715 2573 772 2610 pro
784 2567 895 2598 Cano-

96 2615 176 2656 njicis
203 2619 377 2653 Carnoten.
401 2613 514 2663 absque
535 2625 670 2660 congrua
690 2611 896 2649 satisfaffione

95 2661 305 2702 absolutionis
330 2664 517 2700 beneficium
550 2661 734 2711 indulgere,
766 2667 798 2699 &
824 2661 895 2699 infr.

96 2715 183 2760 Qia
206 2713 281 2752 ver&
300 2714 378 2750 dum
389 2715 489 2751 ansam
500 2713 649 2751 soluimus
662 2738 672 2756 ‚
688 2711 831 2747 nondum
843 2713 896 2747 di-

95 2764 341 2813 cimurligauisse
352 2776 494 2813 ‚propter
503 2763 584 2807 hoc,
600 2760 687 2809 quod
704 2759 813 2798 iisdem
829 2765 895 2810 Ca,-

95 2816 220 2850 nonicis
244 2814 358 2863 (velut
380 2813 504 2857 asteris)
536 2811 786 2863 proponentibus
807 2811 893 2847 illam

97 2861 242 2905 offensam
254 2865 310 2900 este
322 2863 511 2907 manifestam
527 2889 536 2907 ‚
549 2856 613 2899 ri³on
626 2874 695 2910 quae
712 2861 823 2902 iudici,
838 2875 894 2897 nee

94 2925 166 2962 qnae
179 2913 229 2961 alij
243 2937 254 2956 ‚
275 2913 326 2950 sed
346 2926 416 2962 quyae
431 2913 486 2949 sibi
499 2911 725 2950 tantummodo
738 2909 895 2946 manifesta

97 2963 224 3000 videtur
246 2990 256 3008 ‚
276 2962 422 2999 offensam
443 2963 529 2999 illam
552 2975 610 2999 nos
631 2959 824 2998 rescribimus
843 2963 891 2996 in-

98 3012 235 3062 telligere
249 3008 464 3058 manifestam,
487 3025 556 3061 quae
580 3008 629 3047 vel
653 3025 704 3061 per
726 3008 893 3047 confeffio-

98 3076 184 3105 nem,
201 3062 248 3099 vel
261 3065 480 3112 probationem
493 3061 632 3111 legitime
643 3074 715 3098 nota
725 3060 870 3105 fuerir‚au
878 3072 891 3095 t

97 3113 256 3153 euidentia
266 3115 309 3150 rei
322 3139 333 3156 ‚
353 3125 422 3164 quae
434 3112 520 3150 nulla
531 3111 624 3161 poffit
640 3111 891 3161 tergiuersatione

96 3161 199 3202 celari.
672 3164 675 3167 “

257 3220 332 3258 Cap.
345 3226 374 3248 2.
390 3216 420 3249 in
432 3216 464 3248 6.
478 3216 508 3244 N
511 3211 611 3255 icolqus
621 3211 742 3256 Tertia.

143 3259 427 3311 constitutionem*
438 3259 538 3296 felicis
562 3258 785 3296 recordationis
806 3258 890 3292 Gre-

39 3332 46 3340 ·
95 3310 180 3364 gorii
202 3308 554 3361 Papoe‚-praedecefforis
577 3309 698 3353 nostri,
716 3309 833 3347 editam
856 3307 890 3341 in

1680 202 1749 243 376

942 251 1098 295 Concilio
1110 253 1313 305 Lugdunensi
1323 282 1335 301 ‚
1358 267 1394 294 vt
1409 254 1431 292 si
1442 254 1522 295 forte
1535 258 1615 295 inter
1623 273 1728 300 caetera
1738 276 1751 295 2

942 314 1011 351 quae
1038 302 1235 341 obiiciantur
1254 332 1263 346 ‚
1289 305 1389 344 eleeto
1413 309 1471 344 aut'
1490 308 1644 357 postulato
1664 338 1675 357 ,
1695 313 1748 351 seu

946 351 1019 389 alias
1050 355 1273 401 promouendo
1304 357 1342 392 ad
1363 358 1499 405 aliquam
1520 359 1705 407 dignitatern
1734 389 1746 406 ,

941 403 1121 446 euidentem
1148 402 1280 442 scientiae
1307 405 1356 442 vel
1375 407 1470 446 alium
1493 409 1626 457 personae
1654 412 1764 450 defe-¹

940 455 1029 488 {tum
1041 455 1160 501 opponi
1174 456 1338 503 contingat
1349 482 1359 501 ,
1379 459 1419 500 de
1432 457 1488 493 illo
1497 461 1641 506 primitus
1664 477 1746 512 cog-

941 501 1106 538 noscatur:
1123 508 1155 538 &
1179 503 1202 540 si
1227 518 1440 555 opponentem
1460 509 1627 549 inuentum
1647 511 1743 551 fuerit

940 552 1068 588 destitui
1081 554 1209 591 veritate
1228 580 1239 599 ‚
1259 556 1278 590 a
1297 554 1392 592 causae
1416 556 1500 594 illius
1523 562 1742 607 prosecutione

941 601 1080 641 totaliter
1091 601 1129 639 sit
1138 604 1278 641 exclusus
1297 629 1309 649 ,
1331 609 1364 653 ὅς
1383 606 1458 643 alias
1484 611 1648 656 puniatur,
1672 612 1741 650 acfi

941 653 974 689 in
993 652 1192 690 obieetorurn
1211 655 1400 704 probatione
1426 659 1573 695 omnium
1609 661 1740 699 defecis-

940 702 984 738 set
999 717 1008 738 ε
1020 705 1052 739 in
1063 703 1121 740 illo
1131 728 1143 747 ‚
1166 717 1220 753 qur
1232 703 1428 743 manifestum
1440 705 1595 745 defthum
1606 711 1638 747 in
1652 713 1717 749 visu
1727 737 1740 757 ,

939 753 1049 790 auditu
1061 780 1071 798 ,
1085 759 1118 790 &
1131 753 1199 791 aliis
1219 757 1360 803 corporis
1379 754 1515 793 sensibus
1526 784 1538 803 ‚
1561 773 1615 795 nec
1628 775 1691 798 non
1704 765 1739 800 in

941 806 1092 841 memoria
1103 829 1114 847 ,
1128 809 1160 840 δι
1169 805 1263 842 etiam
1276 804 1435 843 intelleem
1447 832 1457 850 ‚
1469 812 1605 856 opponit
1615 811 1713 848 eleeto
1730 840 1741 854 ,

934 852 1046 890 locum
1059 854 1191 891 habere.-
1207 869 1242 891 ac
1265 857 1369 904 quoad
1384 860 1595 895 intentionem
1620 863 1735 898 consti-

943 906 1077 941 tutionis
1091 904 1184 955 ipfius
1194 931 1205 950 ‚
1220 904 1417 945 manifestum
1431 913 1463 944 ἀ
1476 909 1627 955 euidens,
1650 912 1738 950 idern

943 954 1114 1003 supponere
1135 955 1336 993 declaramus-

992 1010 1152 1043 Caeterum
1166 1009 1351 1042 Canonicos
1361 1004 1496 1042 cuiusuis
1505 1007 1646 1045 Ecclefiae
1656 1035 1667 1055 ,
1684 1011 1740 1058 qui

924 1053 1087 1093 -statutum
1102 1055 1239 1092 fecerunt
1248 1056 1427 1092 solemniter
1435 1082 1446 1100 ,
1458 1059 1675 1097 &iuramento
1684 1059 1742 1097 fir-

940 1117 1063 1143 marunt
1075 1134 1086 1151 ,
1100 1107 1187 1156 quod
1200 1105 1367 1143 Ecclesiam
1379 1105 1463 1144 suam
1475 1113 1506 1144 &
1528 1109 1641 1159 seipsos
1663 1123 1742 1146 con-

940 1166 986 1190 tra
998 1170 1108 1194 omnes
1125 1169 1325 1205 impetrantes
1341 1158 1558 1203 canonicatum
1573 1159 1665 1210 ipsius
1676 1164 1746 1197 Ec-

942 1205 1036 1242 clefiae
1046 1206 1251 1252 defenderent
1261 1208 1355 1258 vsque
1365 1206 1404 1244 ad
1419 1212 1472 1244 lus
1489 1209 1539 1246 vel
1547 1209 1746 1255 sententiam,

941 1267 1095 1303 quantum
1108 1257 1224 1307 possent
1236 1284 1248 1302 ,
1269 1259 1308 1295 ad
1332 1257 1487 1295 iudicium
1502 1262 1639 1297 Domini
1653 1266 1742 1310 Papae

947 1306 996 1342 vel
1008 1305 1142 1355 specialis
1152 1310 1290 1345 mandati
1311 1307 1447 1344 eiusdem
1460 1337 1472 1356 ‚
1491 1314 1523 1345 &
1546 1311 1632 1360 quod
1654 1325 1745 1348 com·

944 1358 1097 1396 munibus
1109 1357 1246 1406 expensis
1261 1385 1272 1403 ,
1287 1372 1322 1396 ac
1333 1370 1403 1394 cum
1420 1363 1645 1406 procuratorio,
1660 1360 1745 1412 sigila

937 1405 977 1450 ⁴lo
989 1409 1133 1456 Capituli
1144 1407 1278 1457 sigillato
1290 1434 1301 1453 ,
1315 1408 1420 1455 eadem
1436 1408 1573 1447 defenfio
1584 1410 1672 1449 fieret
1686 1429 1694 1449 z
1708 1417 1743 1449 δε

946 1456 1034 1505 quod
1045 1459 1196 1506 quamdiu
1217 1458 1326 1507 aliquis
1349 1459 1388 1493 de
1408 1459 1582 1496 canonicis
1607 1462 1747 1499 eiusdem

945 1507 1090 1544 Ecclefiae
1122 1506 1333 1545 defensionem
1364 1507 1544 1546 huiusinodi
1567 1514 1599 1545 δι
1618 1511 1748 1562 opposi-

946 1559 1068 1594 tionem
1094 1559 1186 1597 vellet
1215 1559 1367 1606 praedicto
1403 1559 1504 1596 modo
1531 1559 1632 1597 subire
1655 1587 1664 1601 ‚
1692 1563 1745 1613 aiij

945 1612 974 1643 C
978 1610 1102 1646 anonici
1112 1624 1183 1650 ,non
1195 1607 1311 1658 possent
1331 1622 1389 1644 nec
1407 1609 1555 1653 deberent
1567 1614 1701 1659 recipere
1712 1615 1748 1651 in

947 1661 1147 1697 Canonicum
1160 1685 1171 1701 ,
1192 1658 1367 1696 nec‘habere
1381 1671 1438 1707 pro
1448 1661 1620 1702 Canonico
1630 1664 1663 1698 in
1672 1666 1741 1700 Ca-

945 1707 1052 1757 pitulo
1078 1738 1088 1752 ,
1116 1711 1168 1746 vel
1183 1721 1269 1750 extra
1291 1710 1478 1758 Capitulum
1498 1712 1717 1759 impetrantem
1734 1740 1746 1758 ,

945 1757 1170 1808 conspiratores
1194 1765 1225 1794 δε
1251 1761 1462 1796 coniuratores
1482 1773 1590 1797 contra
1612 1761 1748 1799 sancitam
1801 1794 1806 1801 .

947 1811 1130 1848 Romanam
1156 1808 1324 1847 Ecclesiam
1348 1834 1358 1850 ,
1381 1824 1416 1847 ac
1434 1808 1608 1847 libertatem
1629 1838 1640 1856 ,
1669 1813 1748 1849 obe-

946 1858 1122 1906 dientiam,
1145 1864 1178 1895 &
1200 1859 1423 1896 authoritatem
1438 1859 1529 1908 iplius
1539 1863 1748 1906 decernimus

946 1915 978 1945 δι
999 1908 1128 1946 eosdem
1150 1921 1308 1957 tamquam
1331 1910 1554 1958 conspiratores
1579 1915 1612 1947 &
1634 1914 1748 1949 coniu-

947 1971 1061 1996 ratores
1089 1959 1259 1997 secundum
1287 1958 1457 1997 sanctiones
1486 1961 1667 1998 Canonicas
1688 1975 1748 2013 pu-

948 2009 1094 2046 niendos.

1017 2067 1092 2104 Cap.
1111 2063 1166 2095 26.
1181 2060 1210 2092 in
1220 2060 1356 2103 antiquis.
1372 2059 1550 2094 Innocentius
1561 2062 1683 2097 renim.

997 2112 1094 2156 Super
1120 2105 1305 2156 quibusdam
1340 2109 1562 2145 mandatorum
1592 2107 1742 2147 articulis.'

947 2161 979 2193 &
992 2156 1063 2196 infr.
1081 2159 1155 2193 Tua
1176 2157 1310 2193 deuotio
1326 2158 1345 2192 ἒι
1371 2159 1462 2195 nobis
1483 2157 1674 2208 postulauitj
1689 2161 1745 2209 qui

945 2207 1002 2245 sint
1014 2208 1138 2244 dicendi
1151 2207 1288 2244 haeretici
1303 2207 1466 2246 manifesti.
1489 2212 1587 2258 Super
1609 2221 1675 2256 quo
1685 2211 1745 2247 tibi

945 2259 1095 2294 duximus
1123 2256 1372 2305 respondendum
1395 2286 1406 2302 ,
1430 2257 1503 2295 illos
1522 2256 1745 2308 intelligendos

943 2307 999 2344 esse
1025 2306 1202 2345 manifestos
1222 2306 1382 2344 haereticos
1401 2334 1412 2350 ,
1434 2309 1488 2357 qui
1511 2311 1618 2344 contra
1643 2309 1743 2346 fidem

943 2356 1145 2396 Catholicam
1167 2355 1291 2406 publice
1314 2359 1484 2407 praedicant
1513 2369 1567 2394 aut
1587 2358 1742 2405 profiten-

943 2420 993 2444 tur
1006 2408 1054 2444 seu
1067 2407 1244 2444 defendunt
1262 2420 1370 2445 eorum
1383 2415 1539 2453 errorem3
1553 2407 1603 2443 vel
1615 2411 1668 2458 qui
1682 2423 1738 2445 co-

941 2471 1004 2494 ram
1019 2458 1150 2506 praelatis
1170 2457 1230 2493 suis
1245 2459 1384 2494 conuicti
1407 2457 1476 2495 sunt
1490 2485 1501 2502 ‚
1523 2457 1573 2494 vel
1593 2459 1734 2504 confeffi,

941 2509 991 2545 vel
1002 2509 1041 2544 ab
1053 2510 1096 2543 eis
1114 2506 1334 2545 sententialiter
1351 2508 1551 2544 condemnati
1576 2504 1662 2556 super
1675 2507 1742 2543 hae.

939 2561 1032 2594 retica
1053 2560 1202 2606 prauitate
1223 2583 1234 2602 ‚
1251 2570 1387 2605 quorum
1410 2558 1492 2594 bona
1513 2560 1639 2606 propria
1659 2571 1739 2594 con-

942 2607 984 2646 fis
980 2619 1089 2644 cantur
1099 2636 1109 2655 ‚
1129 2615 1161 2646 &
1174 2606 1227 2657 ipfi
1239 2607 1325 2644 iuxta
1336 2606 1503 2643 sanctiones
1516 2607 1668 2654 legitimas
1676 2620 1737 2658 pu-

939 2662 1077 2695 niuntur.

1148 2714 1223 2750 Cap.
1237 2719 1293 2751 27.
1304 2706 1415 2741 ibidem,
1432 2709 1519 2742 idem.

989 2757 1149 2793 Nouimus
1159 2755 1302 2802 expedire
1314 2778 1325 2798 ,
1338 2767 1373 2791 vt
1387 2755 1518 2791 verbum
1528 2754 1606 2790 illud
1616 2779 1628 2797 ,
1642 2755 1733 2803 quod

938 2809 970 2844 'rn
984 2807 1119 2852 antiquis
1134 2804 1341 2850 Canon'ibus,
1367 2808 1400 2841 &
1426 2806 1459 2841 in
1480 2804 1585 2843 nostro
1597 2804 1732 2853 [decreto

939 2868 1048 2893 contra
1060 2855 1192 2892 falsarios
1204 2854 1293 2890 edito
1302 2879 1313 2896 ‚
1338 2855 1516 2891 continetur
1525 2878 1537 2897 ‚
1561 2853 1705 2890 videlicet
1715 2880 1729 2898 ,

939 2906 1110 2942 vtclericus
1126 2916 1178 2952 per
1194 2903 1434 2942 Ecclesiasticum
1460 2905 1598 2944 iudicem
1620 2903 1732 2952 degra-

937 2953 1171 2992 datusseculari
1197 2953 1333 2990 tradatur
1353 2952 1530 3004 puniendus
1552 2978 1563 2997 ,
1593 2951 1730 2999 apertius

937 3017 1121 3053 exponatur.
1150 3003 1238 3038 Cum
1258 3004 1344 3039 enim
1362 3004 1489 3050 quidam
1507 3000 1728 3040 antecessorum

937 3055 1113 3092 nostrorum
1124 3052 1210 3100 super
1229 3052 1290 3089 hoc
1309 3052 1441 3089 consulti
1460 3051 1578 3088 diuersa
1597 3051 1728 3099 respon-

935 3107 1039 3143 derint
1061 3128 1071 3147 ,
1090 3108 1121 3139 &
1143 3103 1340 3152 quorundam
1361 3100 1398 3140 fit
1420 3103 1532 3150 opinio
1557 3100 1576 3136 5
1589 3100 1733 3149 pluribus

941 3155 1131 3204 approbata,
1151 3153 1201 3190 vel
1222 3152 1350 3189 clericus
1372 3177 1384 3197 ,
1404 3154 1459 3201 qui
1478 3150 1672 3201 proptcrhoc
1680 3151 1730 3188 vel

936 3207 1018 3243 aliud
1044 3202 1196 3252 flagitium
1208 3214 1299 3250 graue
1309 3226 1321 3245 ,
1341 3215 1407 3240 non
1415 3200 1516 3240 solnm
1529 3200 1703 3238 damnabile
1716 3227 1727 3242 ,

935 3256 985 3294 (ed
1006 3253 1190 3292 damnosum
1219 3252 1310 3290 fuerit
1330 3251 1512 3301 degradatus
1530 3279 1540 3297 ‚
1563 3260 1723 3299 tamquam

936 3318 1048 3343 exutus
1073 3304 1238 3354 priuilegio
1255 3301 1386 3338 clericali
1407 3329 1419 3349 ‚
1439 3301 1563 3341 seculari
1579 3298 1650 3336 soro
1668 3312 1722 3346 per

1283 3356 1300 3389 1
1342 3365 1355 3398 3
1642 3361 1718 3385 con·
