2052 3562
412 160 507 225 'DE
552 168 954 223 RE'PARANnis
1008 186 1346 222 necemus.

313 289 465 323 CAP.
523 288 633 322 ΙΙΙ.

117 388 215 452 Qi
229 386 283 435 ad
300 387 628 455 reparationem
646 379 847 434 Ecclefiae

350 470 603 506 teneantur.

272 581 343 612 εν
375 579 701 625 ΜΜΛεινΜ.

93 684 104 706 1
113 700 122 709 .
134 676 240 708 Damni
259 674 331 708 mm
342 672 479 720 restitutio
489 683 524 706 ex
547 673 610 708 iure
622 672 730 712 diuino,
743 673 884 717 naturali,

139 724 178 761 ό·
187 725 264 758 ciuili
277 721 326 769 est.
360 731 363 735 '
585 748 590 753 .
605 750 610 754 .
738 751 747 760 ,

91 782 124 808 2.
136 772 253 818 Ecclefia
258 777 367 817 polluta
375 774 575 807 reconciliatur
585 768 713 816 expensis
722 773 883 815 polluente.

92 832 123 867 3.
137 824 272 868 Exempla
291 827 398 866 Regum
411 823 459 864 qui
470 820 502 855 ,ὰ
512 822 696 868 spoliatione
722 823 818 866 templi
830 820 885 854 ab-

131 869 370 918 sstnuerunt,aut
377 881 412 902 ex
422 870 468 904 his
478 870 577 906 ablata
587 870 780 916 restituerunt.

87 931 123 966 4.
135 922 272 967 Exempla
290 923 339 955 ira
359 920 458 955 diuina
470 921 501 954 in
510 920 676 967 spoliatores
685 919 881 967 Ecclefiarum.

91 1023 174 1101 Α
186 1019 220 1053 D
238 1020 462 1068 reparationem
475 1017 526 1054 seu
548 1017 748 1054 refefflonem
761 1016 885 1054 sanffis-

186 1065 330 1105 simarum
353 1075 386 1106 δε
413 1067 649 1105 Catholicarum
672 1067 789 1104 Christi
819 1072 886 1104 Ec-

89 1115 271 1163 clefiarum',
292 1117 610 1167 ornamentorumque
628 1131 733 1153 earum
752 1142 764 1160 ‚
781 1119 885 1166 primo

91 1166 288 1219 loco-voco,
312 1173 326 1213 (
346 1167 415 1204 acfi
437 1170 514 1205 velit
539 1166 705 1210 Ecclesia)
724 1169 887 1204 conueniri

75 1215 173 1267 posse
193 1220 304 1255 censeo
330 1220 445 1267 impios
465 1218 705 1258 iconomachos,
725 1216 884 1254 sceleratos

90 1266 282 1316 templorum
304 1268 480 1313 euersores,
501 1274 532 1304 &
555 1282 608 1303 eos
626 1268 681 1316 qui
708 1267 824 1304 diuino
844 1270 888 1304 ti-

92 1329 180 1354 more
188 1315 362 1366 postpofito
374 1318 547 1367 ‚sacrilegas
557 1317 621 1353 suas
646 1330 754 1354 manus
773 1318 887 1354 domui

91 1367 157 1403 Dei
170 1368 303 1405 immani
324 1366 430 1405 furore
447 1381 482 1404 ac
492 1368 583 1414 rabie·
602 1368 836 1410 iniecerunt,&
853 1367 888 1404 id

91 1416 224 1465 quidem
244 1429 307 1453 tarn
327 1429 366 1454 ex
396 1418 490 1456 iure†
505 1418 620 1455 diuino
638 1429 707 1465 quo
726 1416 887 1467 vnusquis-

41 1469 52 1480 ⁰
91 1478 154 1516 que
173 1467 327 1504 damnum
347 1467 436 1515 quod
470 1467 600 1510 intulit,
623 1466 709 1503 alteri
733 1467 888 1505 restituere

91 1516 298 1566 cogitur5Leui
309 1520 531 1563 5.Exod.12-.&
543 1531 559 1553 2
567 1527 761 1566 z.cap.quam
775 1532 813 1553 ex
825 1520 891 1566 iure

76 1571 209 1604 'naturae
230 1567 349 1616 ‚·quod
377 1568 497 1607 dietae,
507 1567 659 1603 damnum
680 1566 719 1602 ab
747 1567 809 1604 alio
830 1583 890 1604 no-

91 1615 588 1665 bisillatum,refundi,leg,quodfi
597 1615 692 1665 Eplies.
693 1616 725 1663 ff
728 1619 761 1652 de
774 1630 805 1653 eo
817 1620 892 1664 quod

92 1677 170 1705 certo
192 1668 262 1703 ioco.
295 1669 332 1703 &
351 1665 524 1704 secundum
546 1667 626 1715 leges
657 1666 778 1715 striptas
798 1681 892 1716 atque

95 1717 276 1754 Canonicas
306 1714 493 1754 finctiones.
524 1720 611 1753 Nam'
638 1729 673 1753 vt
705 1718 743 1752 ad
768 1718 893 1754 Catho-

93 1766 175 1804 licos
193 1763 368 1814 Episcopos
381 1765 486 1804 scribit
497 1772 634 1803 Ioannos
650 1768 792 1803 Oceanus
804 1772 901 1803 Pom·

92 1816 174 1854 tifex
195 1815 380 1852 Maximus:
406 1819 440 1851 Si
463 1819 512 1861 qui
532 1815 754 1863 monasteria&
777 1820 836 1852 alia
850 1821 894 1852 lo-

92 1878 129 1903 ca
139 1873 200 1902 Deo
213 1865 355 1904 dicata&
377 1865 508 1911 Ecclesiae
530 1866 692 1912 infringunt
711 1891 722 1908 ‚
743 1865 894 1915 depofiraq'y

87 1919 140 1952 -vel
171 1917 233 1951 alia
265 1915 392 1960 qualibet
425 1917 489 1950 inde
528 1913 697 1962 abstrabunt
718 1941 728 1958 ‚
760 1919 894 1951 damnum

94 1966 196 2000 nonies
213 1972 379 2008 componere
403 1965 515 1999 'debent
541 1989 552 2008 ,
574 1969 609 2004 (9-
644 1965 734 1999 vetuti
762 1965 897 2011 fiacrilegi

94 2011 606 2061 canonicafintemmsubiiciumur.
630 2022 692 2058 cap.
709 2013 834 2061 quisquis
846 2027 896 2049 m-

6 2058 7 2062 ’
43 2093 60 2108 ..-
95 2060 333 2117 uentus.§.fi517.
346 2073 376 2107 q.
399 2075 434 2109 4.
443 2066 488 2099 Et
501 2061 601 2098 rursus
613 2060 706 2110 paulo
726 2075 808 2098 ante.
823 2066 854 2097 in
869 2077 895 2100 c.

0 2166 7 2184 ί

5 2285 12 2294 t

2 2292 35 2311 μ,

22 2941 23 2946 Α
4 2826 25 2881 νς
0 2644 30 2805 *W
3 2620 14 2627 ·-
2 2568 22 2599 Τ
0 2511 5 2523 ‘

89 2110 118 2160 fi
137 2113 200 2158 quis
213 2136 224 2152 ,
247 2122 292 2147 ait
312 2115 440 2155 Canon,
453 2115 486 2149 Si
499 2114 562 2158 quis
584 2110 730 2158 Ecclefiam
750 2112 898 2158 combrffe-

97 2161 328 2208 rit,quindecim
353 2163 438 2197 annis
461 2164 623 2208 paeniteat,
647 2168 684 2201 (γ
701 2160 794 2209 seduth
816 2162 897 2207 resti-

96 2219 176 2247 tuat.
190 2211 372 2253 Quomodo
385 2216 418 2247 &
427 2213 602 2262 Gregorius
612 2214 727 2247 Nonus
745 2235 756 2254 ,
766 2224 818 2259 per
833 2215 898 2249 Ec-

94 2258 267 2297 clefiasticas
285 2259 422 2312 censuras
453 2261 492 2297 ad
519 2260 680 2298 illatorum
704 2261 896 2298 damnorum

93 2311 317 2360 reparationem
337 2336 349 2354 ‚
371 2309 635 2361 plenissimamque
667 2314 701 2346 &
724 2309 898 2348 absolutam

97 2358 336 2398 satisfaffionem
366 2373 441 2396 eum
477 2360 625 2409 compelli
656 2360 760 2398 voluit
790 2385 800 2401 ‚
840 2363 896 2409 qui

99 2409 332 2447 venerabilibus
361 2408 517 2451 Ecclesiis,
536 2409 703 2460 carun-idue
724 2411 813 2446 rebus
834 2411 897 2447 cla-

101 2457 176 2497 dem
189 2459 350 2503 attulisset,
362 2469 426 2505 cap.
438 2460 612 2507 conquestus
620 2460 724 2507 desero
733 2465 896 2506 compulit

102 2509 151 2558 int
162 2507 253 2546 simili
275 2507 434 2556 respondit
452 2512 500 2555 D.
523 2507 699 2546 cardinalis
710 2511 747 2545 ad
767 2513 848 2545 clem·
865 2524 896 2547 ι.

103 2556 264 2608 quaest.13.
277 2559 311 2593 de
323 2559 452 2594 celebrat.
467 2558 537 2605 miff
551 2571 631 2604 quem
638 2558 762 2606 sequitur
773 2563 898 2597 Felinus.

105 2608 144 2643 ad
157 2617 220 2654 cap.
242 2608 468 2653 accedentes,de
493 2607 635 2656 Praescrip.
657 2608 746 2658 quod
764 2607 900 2645 Ecclesia

106 2657 224 2695 violata
246 2658 343 2695 debet
360 2660 380 2678 *
402 2656 592 2694 reconciliari
612 2658 787 2707 sumptibus
811 2660 876 2694 eius
889 2683 900 2702 ,

56 2721 68 2733 ·
106 2707 164 2757 qui
176 2702 244 2744 eam
268 2706 423 2750 violatur,
435 2706 485 2743 vel
509 2707 625 2744 causam
639 2706 728 2746 dedit
746 2707 900 2754 pollutio-

107 2761 143 2794 ni
153 2760 187 2793 &
200 2756 388 2800 violationi,
411 2768 476 2803 arg.
491 2766 558 2803 cap.
570 2760 602 2793 si
614 2759 767 2793 canonicu
778 2759 810 2792 de
822 2756 900 2804 offic.

108 2807 216 2844 eratin
225 2812 259 2844 6.
272 2812 318 2846 Et
331 2807 480 2854 antiquus
491 2806 590 2844 noster
601 2807 761 2843 Florianus
770 2807 808 2842 ad
824 2807 902 2842 aesti·

109 2858 283 2894 mationem
302 2856 494 2893 decimarum
507 2856 540 2893 in
552 2870 625 2893 eum
649 2859 804 2893 ae'tiouem
824 2869 904 2894 con-

111 2907 207 2949 cedit,
232 2912 287 2955 qui
315 2905 430 2954 segetes
442 2932 452 2948 ,
474 2918 517 2942 ex
531 2906 648 2954 quibus
683 2905 813 2942 decime
842 2904 902 2940 de-

114 2954 265 2997 bebantur
287 2955 427 2994 Ecclesiae
439 2955 571 3000 ,exuffit
583 2981 594 2998 ,
610 2962 646 2990 1η
667 2958 690 2991 Ι.
710 2955 903 3000 aquissumum.

117 3006 149 3052 ᾧ.
158 3006 341 3054 fructuariae.
351 3005 384 3053 ff
396 3007 429 3041 de
438 3004 573 3053 vfiasruck.
589 3003 775 3044 tlntellexit
791 3003 850 3039 boc
859 3003 904 3039 sa-

15 3105 19 3112 .
41 3046 73 3083 3⁰
119 3067 159 3092 ne
171 3054 249 3091 olim
265 3058 342 3092 Rex
368 3052 723 3098 Mafiniffi,cuiusc1'im
747 3052 905 3103 praefestus

117 3103 218 3141 claffis
248 3104 398 3142 Melitam
416 3101 575 3154 appulisset
588 3129 601 3149 ,
621 3107 654 3139 δι
667 3102 684 3138 ὲ
696 3102 801 3153 phano
826 3105 905 3138 Deae

118 3153 253 3190 Iunonis
273 3155 383 3201 dentes
399 3154 554 3191 eburneos
574 3154 744 3191 eximiaem
786 3153 907 3189 nitudi-

121 3203 170 3238 nis
188 3201 322 3240 sublatos
334 3229 345 3246 ,
359 3203 398 3239 ad
415 3215 489 3239 eum
513 3215 570 3250 pro
590 3202 681 3240 dono
693 3215 759 3240 artu
776 3200 836 3238 isset
852 3216 911 3248 ‚vt

126 3254 283 3299 comperit
305 3253 391 3290 vnde
407 3252 528 3288 aduecti
538 3252 630 3290 essent
643 3277 654 3294 ,
666 3253 806 3301 quinque
818 3254 913 3289 rtrni·

1663 197 1729 236 397

934 260 1075 295 Iunonis
1094 258 1298 295 collocandos
1322 257 1626 308 curauit,inscu1ptis
1649 272 1727 306 gen-

935 309 977 344 tis
997 308 1056 345 suae
1080 308 1200 354 literis,
1220 309 1465 358 significantibus
1487 313 1611 358 Regem
1632 312 1726 357 igno-

933 371 1054 395 tantem
1073 372 1126 395 eos
1152 361 1304 408 accepisse.
1333 359 1488 396 intellexit
1511 361 1572 395 hoc
1600 364 1727 396 Corne-

936 408 1174 458 liusSyll÷12qui
1192 410 1364 445 dimidium
1384 411 1528 446 Thebani
1548 412 1626 458 argi-i
1652 409 1726 445 Ioui

935 459 1095 508 Olympio
1120 465 1154 495 &
1174 458 1320 509 Apollini
1333 459 1451 508 Pythio
1465 459 1675 501 consecrauit,
1688 470 1724 495 vt

937 523 977 545 ex
988 511 1054 546 eius
1077 504 1233 547 fluetibus
1254 536 1265 555 ‚
1288 511 1425 558 pecuniae
1444 523 1517 558 quas
1529 523 1568 545 ex
1590 509 1726 558 ipsorum

936 559 1064 609 templis
1092 561 1132 597 ad
1142 560 1289 598 alendum
1302 562 1474 596 exercitum
1487 560 1643 597 abstulerat
1656 586 1666 605 ‚
1678 563 1726 608 ip·-

934 611 1039 646 sorum
1063 610 1190 660 templis
1223 610 1452 647 restituerentur
1475 623 1484 644 t
1506 623 1572 645 non
1604 612 1728 659 ignarus

935 659 1122 710 sacrilegium
1142 660 1251 710 saepius
1275 659 1409 698 vniuersi
1431 661 1584 696 exercitus
1606 667 1637 696 ὅ(
1659 666 1727 697 lm-

936 713 1084 760 peratoris
1095 713 1197 749 exitio
1216 712 1376 761 expiatum
1386 736 1397 753 ‚
1409 722 1503 758 atque
1516 708 1556 745 eo
1578 713 1702 760 grauius
1717 735 1730 753 ,

935 756 1001 810 quo
1016 761 1134 799 tardior
1158 775 1256 812 poena
1273 760 1371 797 secuta
1393 759 1646 797 esset-Intellexit
1666 760 1727 796 hoc
1755 792 1757 807 2

934 813 1029 849 etiam
1044 842 1046 845 .
1062 814 1096 847 T
1098 811 1315 862 hymasithaeus
1352 812 1604 861 Liparitanorum
1638 811 1729 847 Prin-
1747 818 1766 847 1

936 875 1025 912 ceps,
1042 864 1098 911 qui
1119 863 1275 911 excepta&
1291 861 1416 898 ciuibus
1435 860 1496 897 suis
1510 861 1543 896 in
1564 860 1644 898 freto
1671 866 1730 897 au'-

936 926 986 949 rea
1008 925 1143 959 cratera,
1166 911 1361 962 incitatotjue
1381 911 1421 948 ad
1447 924 1513 947 eam
1536 911 1730 960 partiendam

935 962 1076 1012 populo,
1088 975 1124 1000 vt
1133 965 1267 1012 percepit
1280 963 1298 997 ὲ
1323 963 1478 999 Romanis
1493 961 1610 1010 Pythio
1624 960 1731 1009 Apol-

935 1014 992 1050 lini
1012 1014 1206 1051 decimarum
1231 1014 1362 1050 nomine
1384 1012 1519 1049 dicatam
1531 1036 1542 1056 ‚
1562 1025 1631 1048 eam
1649 1010 1731 1047 Del-

935 1063 1014 1113 phos
1035 1063 1245 1111 perferendam
1262 1064 1393 1102 curauit.
1421 1061 1546 1099 Author
1568 1062 1611 1098 est
1631 1060 1729 1098 Valc-

935 1115 998 1150 rius
1010 1115 1196 1161 liba-capa.
1217 1119 1332 1161 Neque
1355 1113 1417 1149 hoc
1427 1112 1519 1150 latuit
1542 1113 1731 1159 Pompeium

938 1166 1094 1212 Magnum
1105 1166 1178 1211 ,qui
1195 1174 1248 1210 ,vt
1257 1166 1309 1200 lib.
1329 1177 1378 1211 ¹4·
1393 1172 1459 1208 cap.
1471 1176 1504 1209 7.
1526 1165 1734 1209 antiquitatum

929 1215 1031 1263 scribit
1053 1215 1181 1261 Iosephus
1196 1241 1206 1258 ,
1220 1211 1340 1250 tametsi
1356 1215 1459 1249 νίἃοτ
1478 1211 1602 1249 effeetus
1614 1239 1625 1257 ,
1636 1224 1735 1260 pecu·

937 1266 1002 1300 nias
1027 1264 1135 1311 templi
1156 1266 1286 1300 retinere
1301 1277 1367 1300 non
1386 1261 1501 1298 voluit.
1534 1265 1579 1298 Et
1591 1261 1630 1297 de
1646 1260 1732 1298 Mil-

938 1312 1015 1350 lesiis
1029 1315 1081 1350 lib.
1096 1317 1127 1349 6.
1139 1323 1204 1360 cap.
1223 1327 1252 1351 z.
1267 1312 1357 1350 refert
1376 1311 1551 1348 Alexander
1571 1311 1612 1346 ab
1635 1310 1732 1347 Alex.

937 1363 1024 1417 quod
1036 1359 1164 1399 oraculo
1176 1363 1314 1403 moniti,
1338 1362 1481 1398 vberiore
1494 1359 1629 1408 impensa
1650 1373 1735 1398 tem-

937 1414 1025 1463 plum
1050 1411 1203 1450 incendiis
1223 1427 1256 1449 ac
1277 1413 1374 1449 ruinis
1392 1409 1603 1448 deformatum
1622 1411 1737 1447 restau-

938 1475 1042 1500 rarunt
1059 1466 1120 1507 ‚ita
1130 1475 1164 1499 vt
1189 1463 1233 1499 ob
1258 1460 1511 1510 magnitudinem
1532 1458 1656 1509 fastigio
1678 1473 1739 1497 ex·

938 1514 1073 1550 truendo
1106 1513 1198 1549 nullae
1238 1513 1492 1561 contignationes
1537 1508 1727 1547 suffecerint.

939 1564 1086 1600 Testatur
1114 1566 1208 1600 etiam
1235 1564 1333 1598 Titus
1354 1563 1467 1599 Liuius
1491 1569 1624 1597 Romana
1647 1557 1739 1608 histo-

939 1615 1050 1651 vialis.
1072 1613 1186 1662 1-quod
1209 1612 1330 1660 egressis
1353 1612 1462 1648 vrbem
1484 1612 1641 1656 Albanis,
1661 1613 1739 1646 Ro-

940 1677 1048 1699 manus
1063 1664 1152 1700 miles
1167 1663 1272 1711 passim
1292 1662 1412 1710 publica
1426 1659 1606 1710 priuatac'lue
1627 1660 1738 1696 omnin

942 1716 1021 1750 tofta
1045 1714 1225 1762 adaequabat
1247 1711 1336 1757 solo,
1358 1711 1480 1762 vnac'lue
1494 1709 1568 1746 hora
1589 1709 1741 1759 quadrin-

938 1777 1106 1811 gentorum
1125 1776 1279 1799 annorum
1301 1775 1381 1810 opus
1401 1761 1516 1810 quibus
1535 1760 1620 1797 Alba
1644 1760 1739 1797 stete-

940 1827 985 1849 rat
998 1839 1007 1853 ‚
1020 1814 1147 1850 excidio
1162 1820 1193 1850 δι
1218 1812 1316 1848 ruinis
1326 1812 1439 1855 dedit,
1452 1810 1578 1858 templis
1593 1813 1738 1846 Deorum

944 1869 959 1907 (
976 1865 1019 1898 ita
1029 1865 1112 1898 enim
1137 1863 1272 1899 edi&um
1286 1862 1325 1898 ab
1337 1865 1427 1910 Rege
1443 1862 1570 1904 fuerat)
1585 1872 1739 1908 tempera-

944 1926 1014 1949 tum
1026 1914 1068 1950 est
1090 1914 1269 1950 Adiicimus
1292 1914 1387 1948 etiam
1398 1912 1445 1947 his
1464 1911 1649 1957 Signaldum
1676 1914 1743 1955 Ατ-ι

945 1977 1112 2000 neruorum
1131 1961 1309 1999 Praefeetum
1320 1988 1330 2004 ‚
1343 1958 1529 2010 qui(vete1h·s
1539 1959 1576 2008 est
1588 1963 1738 2008 Ganguin.

944 2017 977 2048 in
988 2016 1050 2049 vita
1062 2018 1143 2060 Regis
1153 2013 1310 2048 Gildeberti
1320 2014 1331 2054 )
1342 2011 1467 2048 licentia
1476 2011 1664 2048 dominandi
1677 2009 1742 2045 ela-

945 2074 996 2098 tus
1020 2087 1031 2106 ‚
1056 2061 1252 2111 posteac'luam
1274 2061 1372 2097 multa
1394 2062 1433 2097 ab
1457 2059 1551 2095 idolis
1573 2059 1742 2110 surripuit,

945 2112 1052 2148 villam
1080 2109 1313 2149 ssuchealensem
1334 2138 1345 2157 ,
1364 2123 1456 2159 quarn
1470 2109 1648 2146 'Tetradius
1672 2111 1743 2146 Ec-

945 2160 1038 2198 clesiae
1049 2161 1116 2199 diui
1132 2162 1244 2201 Iuliani
1255 2160 1425 2198 donauerat
1438 2186 1450 2202 ,
1465 2160 1630 2208 occupauit
1644 2183 1656 2201 ,
1668 2159 1743 2195 ino-

945 2213 1084 2262 pinanter
1109 2224 1215 2259 captus
1235 2223 1359 2254 mente,
1385 2224 1451 2248 non
1472 2213 1557 2257 prius
1577 2207 1624 2245 lui
1650 2221 1743 2245 com·

947 2277 1003 2312 pos
1014 2261 1110 2299 sanstus
1121 2263 1163 2298 cst
1174 2288 1185 2306 ,
1197 2274 1290 2310 quam
1316 2259 1425 2297 villam
1453 2258 1616 2308 reliquisset
1626 2283 1639 2302 ‚
1650 2271 1742 2295 com-

946 2311 1123 2362 pensatione
1142 2312 1282 2349 exhibita
1303 2323 1408 2347 earum
1420 2322 1466 2347 rer
1539 2321 1614 2358 quas
1636 2320 1739 2345 teme-

955 2364 988 2398 re
1003 2360 1178 2400 abstulerat.
1201 2365 1273 2405 Et(
1293 2371 1326 2397 vt
1348 2361 1420 2397 idem
1440 2363 1614 2407 Ganguinus
1627 2359 1659 2394 in
1678 2360 1742 2394 vira

947 2416 1068 2459 clotarij
1087 2413 1212 2459 recenset
1224 2438 1236 2457 ,
1254 2416 1269 2455 )
1294 2410 1457 2447 clotarius
1479 2412 1612 2446 Franciae
1643 2409 1719 2444 Rex
1730 2433 1744 2451 ,

948 2476 1014 2498 non
1028 2463 1112 2510 prius
1124 2464 1232 2499 animo
1244 2463 1366 2510 quietus
1384 2458 1467 2503 suit,
1479 2471 1572 2508 quam
1592 2470 1665 2494 cum
1678 2460 1744 2493 Ec-

948 2510 1069 2549 clesiam
1084 2515 1120 2547 S.
1135 2513 1272 2550 Martini
1286 2536 1297 2553 ‚
1316 2523 1412 2557 quam
1430 2520 1556 2557 propter
1572 2506 1692 2542 hostem
1707 2507 1742 2542 in

948 2575 982 2598 ea
993 2562 1179 2606 latitantem,
1189 2576 1244 2598 nec
1256 2560 1378 2610 prodire
1403 2557 1560 2596 volentem
1570 2581 1583 2598 ,
1596 2557 1615 2591 a
1624 2555 1652 2592 se
1675 2568 1739 2591 vna

948 2625 1021 2647 cum
1031 2626 1070 2648 eo
1081 2612 1217 2647 exustam
1229 2638 1240 2654 ,
1255 2608 1407 2658 reparasset
1421 2634 1431 2652 ‚
1447 2611 1480 2642 &
1498 2605 1652 2642 refecisset.
1666 2606 1743 2642 Pos-

948 2661 1016 2697 sent
1035 2659 1133 2697 multa
1159 2661 1216 2696 alia
1234 2665 1265 2696 δι·
1289 2657 1397 2694 similia
1419 2658 1560 2704 exempla
1589 2655 1744 2692 hocloco

950 2709 1060 2746 adferri
1075 2714 1129 2755 ‚&
1157 2711 1198 2746 ad
1221 2707 1494 2746 confirmationem
1514 2706 1607 2742 huius
1632 2705 1744 2742 nostrae

949 2759 1105 2796 sententie
1130 2759 1266 2805 adduci,
1294 2757 1343 2795 sed
1369 2769 1433 2792 rem
1456 2770 1508 2804 per
1529 2755 1562 2792 se
1583 2754 1693 2790 claram
1709 2758 1744 2789 &

951 2810 1128 2845 euidentcm
1147 2833 1158 2851 ‚
1183 2823 1246 2846 tam
1281 2806 1390 2843 multis
1416 2806 1601 2843 testimoniis
1632 2803 1746 2851 proba-

952 2872 1018 2895 tam
1032 2885 1040 2899 ,
1064 2856 1177 2894 sufficit
1199 2858 1248 2894 vel
1271 2857 1364 2893 nudis
1390 2856 1488 2893 oculis
1511 2854 1664 2891 indicasse.
1690 2857 1746 2890 Ex

954 2909 1070 2957 quibus
1079 2909 1173 2943 etiam
1194 2907 1281 2943 facile
1293 2906 1425 2954 intelligi
1446 2905 1545 2955 potest
1557 2917 1644 2947 ‚non
1663 2899 1744 2939 suti-

960 2959 1022 2994 lcm
1035 2984 1045 3001 ,
1059 2970 1168 2992 vanam
1192 2971 1225 2992 ac
1248 2961 1371 2993 inanem
1389 2954 1443 2992 elle
1459 2952 1635 3004 praesentem
1657 2953 1745 2990 istam

956 3007 1199 3055 disputationem
1212 3032 1222 3049 ,
1244 3018 1300 3045 nec
1323 3005 1440 3055 semper
1461 3003 1538 3040 viles
1548 3017 1584 3040 ac
1601 3016 1746 3053 pauperes

959 3056 1044 3093 fuiffi:
1063 3061 1095 3092 &
1112 3055 1167 3092 esse
1188 3067 1263 3100 cos,
1287 3057 1341 3104 qui
1366 3054 1427 3091 hoc
1448 3052 1637 3102 sacrilegium
1655 3065 1747 3090 com-

957 3108 1109 3147 mittunt,
1124 3104 1207 3153 quasi
1227 3107 1326 3143 inanis
1336 3104 1373 3142 sit
1395 3103 1499 3145 aetio,
1545 3117 1617 3141 uam
1636 3115 1748 3140 eorum

960 3158 1067 3206 inopia
1087 3155 1240 3192 excludat.
1251 3159 1276 3191 l.
1284 3161 1364 3190 Nam
1372 3159 1406 3189 is.
1409 3152 1446 3200 ff
1463 3155 1497 3190 de
1551 3157 1588 3190 lo.
1603 3151 1679 3190 sicut
1697 3164 1748 3189 et-

959 3209 1020 3242 iam
1035 3205 1137 3254 palam
1162 3210 1195 3241 &
1219 3203 1342 3254 publice
1364 3215 1477 3241 notum
1487 3203 1531 3240 est
1543 3229 1555 3248 ,
1567 3201 1750 3241 calamitoso

970 3256 1031 3292 hoc
1040 3268 1180 3303 tempore
1191 3253 1273 3291 fuisse
1281 3253 1403 3303 aliquos
1411 3279 1422 3294 ,
1435 3252 1558 3290 summo
1569 3252 1643 3289 loco
1653 3263 1754 3297 nat05,

130 3301 164 3349 gi
184 3303 387 3351 reportandos
419 3302 567 3341 Melitam
589 3329 602 3350 ,
627 3314 720 3354 atque
745 3302 778 3340 in
796 3302 916 3351 templo
971 3318 1053 3355 quos
1092 3305 1312 3342 cacadaemonis
1354 3295 1554 3353 inspitstione
1585 3300 1758 3341 inflamma-

1322 3344 1459 3394 216

1706 3362 1760 3387 (OS
1775 3382 1779 3387 .
