2052 3562
240 216 314 254 320

238 270 287 305 illi
301 268 436 306 credidit
450 269 657 317 hereditatem
671 269 796 309 deferti,
816 273 837 306 l.
854 270 909 303 Sed
919 268 966 314 etsi
980 270 1052 314 lege.

240 322 273 366 ξ.
280 319 354 365 scire
363 331 468 356 autem.
470 320 503 365 ff
509 323 542 354 cle
549 321 731 364 patieturne
745 324 848 366 igitur.
860 317 977 365 §.potest
985 317 1055 363 ffde

238 372 322 404 liber.
333 369 427 416 causa.
443 367 592 403 Secuniio
607 380 645 403 ex
658 382 711 412 eo,
724 369 814 415 quod
835 371 904 402 Leo
915 372 1054 413 impera-

240 431 314 462 tor,
342 419 370 452 ei
392 420 446 465 qui
465 430 577 453 contra
596 419 663 453 iura
682 416 874 465 poffeffiohes
902 427 1054 451 mercatus

241 468 296 510 est,
307 467 464 502 actionem
474 466 636 511 concedit,
652 465 748 504 laic.
764 473 831 502 Non
839 469 920 501 licere
937 467 1052 500 hubita-

242 517 380 554 toriinb.
395 530 403 550 i
416 531 426 551 i
436 546 444 553 .
471 516 516 552 Et
527 515 623 551 tertio
634 530 673 552 ex
682 530 722 552 eo
733 541 743 560 ‚
765 519 853 563 quod
866 513 887 549 fi
903 515 920 549 Ξι
931 510 1054 561 pupillo

242 577 383 600 emerem
406 566 528 613 (inquit
549 565 679 608 Paulus)
700 565 761 601 line
782 566 896 602 tutoris
916 563 1054 600 authori-

242 624 318 654 tate,
334 625 429 660 quem
442 615 591 662 puberem
601 614 657 650 esse
674 627 780 661 putem
797 631 805 650 ς
829 612 1051 658 vsucapjonem

239 662 327 710 sequi
339 664 480 698 dicemus
490 689 501 707 ‚
525 666 555 698 d.
571 663 787 711 §.fidpupillm
812 662 935 703 Quarto
948 673 986 696 ex
998 674 1050 700 eo,

242 712 333 759 quod
347 711 482 747 donatio
495 715 575 749 inter
596 715 701 748 virum
716 719 746 749 ὃ(
761 725 893 748 vxorem
907 709 1052 758 probibi-

241 773 272 796 ta
281 761 336 802 est,
346 764 365 796 l.
377 761 474 807 1.ff.de
484 763 685 798 donatioiinter
695 765 793 801 vim&
805 773 886 797 vxor.
903 766 934 795 &
947 771 1052 793 tamen

241 810 264 846 si
278 811 326 847 vir
337 812 432 846 vxori
448 836 457 852 ,
484 811 534 847 vel
543 825 625 848 vxor
636 813 706 845 viro
717 811 898 849 domuerit,
911 813 989 843 Pom
996 821 1054 854 po-

242 861 315 897 nius
334 873 374 895 ex
399 859 558 896 Trebatio
588 858 759 904 respondet
782 885 791 901 ,
829 857 1052 905 vsucapionern

241 910 319 956 (que
332 920 436 944 tamen
450 908 513 944 sine
527 909 608 944 bona
620 907 684 943 fide
696 908 780 943 nulla
797 908 857 951 est)
881 905 1051 953 poffidcnti

240 956 393 1005 prodesse,
402 958 446 1004 l..fi
455 961 498 994 vir
511 957 674 1003 vxori.ffide
684 958 794 1006 vfiicap.
798 967 848 1002 pro
861 954 1050 997 dot.Qninto

241 1020 332 1042 exeo
344 1008 433 1055 quod
447 1008 471 1041 is
482 1009 537 1055 qui
552 1008 569 1042 ὲ
585 1006 719 1042 Pi‘aelato
739 1004 865 1051 ecclesie
881 1005 977 1039 titulo
991 1004 1052 1038 do-

241 1058 380 1092 nationis
393 1057 543 1092 maiorem
559 1057 700 1103 pecuniae
715 1057 938 1102 quantitatem,
954 1055 1050 1092 etiarn

240 1107 274 1140 in
287 1107 371 1154 piam
391 1104 510 1141 causam
531 1107 652 1150 accepit
665 1130 675 1145 ,
702 1118 796 1152 quarn
812 1103 861 1138 lex
882 1103 1050 1150 permittit,

242 1152 475 1203 praescriptione
494 1152 688 1194 defenditur,
702 1166 724 1188 c.
743 1152 943 1199 apostolice&
953 1153 1051 1186 donat.

243 1203 345 1238 Sexto
355 1217 395 1238 ex
409 1217 460 1247 eo,
472 1203 561 1250 quod
576 1202 625 1238 lex
640 1214 724 1239 vetat
741 1203 781 1236 de
795 1215 887 1237 manu
902 1200 1054 1236 laicorum

241 1251 399 1289 ecclesiam
409 1250 673 1298 i·ccipi‚dic't.cap.fi
682 1257 742 1297 quia
752 1253 890 1296 deinceps.
913 1251 936 1284 is
952 1262 1054 1285 tamen

241 1304 299 1350 qui
320 1300 360 1337 fic
380 1313 491 1337 contra
507 1302 610 1348 legem
632 1303 751 1347 accepit
765 1326 775 1341 ‚
802 1300 889 1348 longi
904 1301 1055 1346 temporis

241 1349 476 1400 praescriptione
492 1361 578 1386 tutus
592 1350 647 1393 est,
659 1350 804 1396 pastoralis
812 1350 849 1383 sie
863 1360 923 1383 mre
935 1357 1051 1393 patron.

291 1402 424 1439 †Ratio
442 1398 518 1436 vero
535 1399 708 1434 decidendi
721 1398 762 1433 est
779 1424 790 1441 ‚
813 1397 904 1444 quod
925 1396 1003 1431 mala
1016 1396 1056 1431 fi-

201 1433 223 1468 7
245 1448 299 1484 des
316 1449 392 1484 nihil
403 1448 487 1484 aliud
502 1449 653 1495 est‚quam
666 1446 731 1482 laesa
745 1445 959 1494 conscientia,
985 1457 1055 1492 qiiiae

241 1498 361 1535 accusat
391 1503 423 1534 &
445 1497 610 1534 conuincit
631 1496 766 1543 aliquem
789 1495 888 1531 facere
908 1495 941 1528 id
967 1493 1056 1542 quod

242 1560 310 1583 non
321 1547 417 1583 debet
428 1574 437 1589 ,
467 1547 518 1582 vel
530 1560 594 1581 UOR
605 1544 702 1581 faeere
717 1544 806 1594 quod
821 1544 926 1580 debet.
957 1542 1058 1579 Illaela

243 1608 349 1631 autem
372 1598 427 1633 vix
447 1595 504 1631 esle
523 1595 626 1642 potest
647 1596 678 1628 in
692 1607 733 1629 eo
748 1620 758 1635 ,
782 1594 838 1641 qui
861 1605 968 1628 contra
992 1594 1057 1628 iura

243 1657 416 1690 mercatur,
442 1644 547 1690 &legi
570 1650 647 1692 (que
663 1645 726 1678 Dei
739 1643 906 1678 ordinatio
915 1642 974 1683 est)
992 1655 1058 1677 non

242 1694 451 1742 obtemperat.
477 1697 590 1742 Neque
609 1690 776 1739 refragatur
790 1691 863 1727 huic
885 1692 984 1738 prima
999 1692 1059 1725 du-

243 1743 381 1784 bitatio;
397 1744 469 1791 quia
483 1743 558 1778 licet
571 1755 654 1778 error
670 1743 744 1776 iuris
763 1742 796 1780 in
812 1740 894 1775 bona
906 1739 974 1775 fide
984 1738 1061 1787 pos-

242 1792 383 1828 sessorem
400 1806 465 1828 non
482 1791 672 1832 constituat3
689 1790 786 1826 efficit
800 1801 904 1825 tamen
920 1801 957 1823 ne
970 1788 1059 1824 malae

241 1840 323 1877 -si-dei
338 1841 396 1877 esse
412 1842 574 1882 videatur,
599 1840 686 1889 quod
701 1839 741 1875 ad
755 1838 914 1875 fruffiium
928 1837 1060 1884 acquisi-

244 1891 408 1927 tionem&
431 1890 602 1939 longiffimi
620 1889 772 1937 temporis
794 1886 1060 1937 praescriptionem

239 1939 314 1976 satis
327 1941 379 1982 est,
391 1942 453 1980 [ΑΕ.
459 1939 668 1985 potestatam.
678 1939 714 1972 ad
724 1939 822 1972 Lbonae
832 1937 988 1982 fideimum.
996 1936 1058 1982 3.ff.

236 1991 275 2024 *de
288 1983 466 2036 verbfignif.
488 1991 532 2024 Et
548 1989 621 2024 licet
632 1989 664 2022 in
683 1985 912 2034 proefiriptioue
925 1985 976 2021 seu
988 1985 1060 2021 vsu-

245 2040 378 2085 capione
388 2040 468 2073 bona
481 2037 559 2073 fides
571 2038 707 2072 omnino
717 2037 903 2082 requiratur,
917 2047 940 2069 c.
957 2034 1060 2080 Poffes-

237 2086 295 2134 sor.
301 2086 366 2134 sup.
375 2101 416 2125 eo.
435 2088 467 2122 in
481 2085 687 2134 acquisitione
698 2097 801 2121 tarum
812 2083 971 2121 fruetuum
981 2096 1059 2130 qua-

242 2136 282 2172 lis
303 2136 402 2184 qualis
423 2135 600 2185 poffidencli
621 2134 742 2170 occafio
756 2159 765 2175 ‚
792 2132 814 2169 fi
832 2146 895 2168 nori
921 2134 1057 2168 orriiino

244 2185 387 2231 improba
399 2185 435 2220 sit
446 2211 456 2230 ,
477 2184 591 2220 sufficit
602 2213 612 2230 ,
638 2189 670 2219 &
685 2195 836 2232 quantum
851 2181 892 2216 ad
906 2180 970 2216 lioc
980 2183 1056 2217 atti-

243 2247 377 2277 net‚non
395 2233 591 2282 praesumitur
602 2236 671 2281 quis
683 2234 714 2269 in
727 2231 807 2267 dolo
818 2230 874 2266 esse
887 2257 897 2274 ,
924 2230 998 2266 licet
1008 2244 1057 2265 er-

243 2285 358 2319 rauerit
369 2286 402 2319 in
417 2286 482 2319 iure
493 2310 502 2324 ‚
528 2282 550 2317 fi
569 2283 649 2318 dolo
662 2293 763 2324 caret,
788 2284 817 2315 &
830 2281 938 2327 aliquo
952 2279 1053 2314 modo

244 2332 386 2376 dubitet,
399 2335 455 2378 λς.
463 2335 652 2379 §.generasdr
663 2334 701 2366 ibe
707 2329 877 2377 gloffa.ffide
886 2331 978 2374 acqui.
987 2329 1054 2374 pass.

241 2382 347 2422 Quod
370 2393 471 2417 autem
487 2382 604 2416 dicitur
628 2392 761 2414 errorem
787 2379 862 2412 iuris
889 2390 953 2411 non
980 2390 1054 2425 pro-

239 2429 326 2466 desse
339 2429 378 2465 ad
390 2429 510 2466 lucrum
523 2428 711 2470 faciendum,
722 2431 742 2464 l.
755 2430 893 2472 quamuit.
908 2429 982 2461 ode
992 2429 1050 2461 iur.

244 2479 364 2526 &fac'h'
377 2482 527 2525 ignorant.
537 2477 617 2513 nihil
626 2478 687 2512 est:
702 2488 770 2512 tum
784 2477 857 2522 quia
873 2479 925 2513 (vt
935 2473 1054 2509 Baldus

244 2531 300 2569 ait,
314 2531 343 2563 in
354 2529 382 2564 d.
393 2531 424 2575 ᾧ.
432 2529 534 2575 scire.)
553 2526 669 2562 fruetus
683 2524 874 2561 industriales
888 2536 952 2558 non
965 2523 1056 2560 vide—

245 2590 298 2614 tur
318 2575 429 2612 habere
449 2590 489 2612 ex
509 2576 594 2612 causa
608 2575 754 2612 luci-atina
770 2599 781 2617 ‚
814 2572 865 2609 sed
877 2585 917 2606 ex
933 2572 1054 2619 cultura

246 2631 279 2662 δέ
293 2639 375 2667 cura,
390 2629 417 2673 ξ.
427 2626 455 2672 fi
465 2628 532 2672 quid
542 2624 560 2661 ἂ
574 2638 628 2660 non
639 2623 892 2669 domino.rnstit.de
903 2633 997 2657 rerum
1011 2623 1056 2657 di-

245 2677 301 2720 m'f.
314 2687 391 2711 ·tum
409 2676 481 2719 quia
497 2681 550 2718 (vt
566 2673 706 2722 Angelus
729 2675 767 2709 iin'
787 2676 895 2721 putat)
909 2683 992 2706 error
1005 2673 1056 2706 iu-

244 2727 287 2761 ris
306 2723 433 2771 prodest
450 2725 553 2773 quoad
576 2723 695 2758 lucrum
711 2722 743 2757 in
763 2719 949 2761 retinendo,
975 2720 1008 2754 in
1021 2734 1054 2755 a-

242 2773 354 2820 gendo
368 2786 434 2809 non
448 2774 522 2808 item
537 2799 547 2815 ,
572 2771 628 2808 nisi
644 2771 731 2808 'forte
748 2771 772 2805 is
786 2772 840 2818 qui
856 2782 944 2817 agere
962 2768 1051 2804 insti-

245 2824 310 2860 tuit
320 2847 331 2866 ,
355 2824 518 2869 peritiores
534 2820 692 2857 consulere
706 2833 772 2855 non
784 2820 889 2867 potuit
899 2843 910 2860 ‚
933 2829 986 2853 aut
998 2816 1052 2853 nisi

243 2871 368 2910 lucrum
385 2884 478 2918 penes
497 2872 695 2919 ignorantem
716 2867 914 2905 effectualiter
928 2879 993 2902 non
1010 2867 1054 2903 est

241 2919 465 2957 remansurum.
477 2923 521 2957 Et
531 2919 589 2966 hec
599 2923 728 2967 quoque
741 2916 868 2953 Alciato
882 2928 939 2961 reg.
951 2921 1054 2961 3.prae-'

235 2969 345 3016 sumpt.
357 2980 420 3015 cap.
436 2983 488 3019 30.
500 2969 681 3017 probantur.
697 2968 764 3003 Cui
776 2980 840 3002 non
849 2965 892 3001 est
901 2963 1049 3009 absimile,

243 3030 313 3065 quae
341 3018 530 3054 malae'fidei
556 3017 756 3065 praesumptio
766 3030 830 3051 non
851 3015 968 3061 capitur
991 3014 1049 3049 ad-

243 3065 347 3102 uersus
361 3081 433 3104 eum
452 3094 462 3108 ‚
489 3069 545 3116 qui
564 3079 717 3103 mercatus
734 3065 777 3100 est
790 3076 900 3101 contra
921 3064 968 3098 ius
987 3062 1049 3098 du-

243 3114 332 3150 bium
342 3141 354 3160 ‚
376 3117 552 3152 intricatum
566 3142 577 3158 ‚
601 3113 652 3152 seu
667 3113 884 3161 multipliciter
896 3109 1047 3160 intelligi-

243 3163 308 3199 bile
324 3189 336 3207 ,
360 3166 432 3210 quia
452 3177 537 3201 error
555 3164 710 3200 eiusmodi
739 3164 814 3200 iuris
841 3163 1047 3210 aequiparatur

238 3215 334 3248 errori
351 3211 426 3248 faeti
442 3238 454 3256 ,
477 3218 509 3247 &
533 3213 750 3260 praescribendi
770 3211 890 3249 causam
914 3209 1042 3255 praestat‚

233 3274 258 3298 c.
271 3263 335 3299 cun}
343 3263 464 3305 dilectus,
477 3264 513 3301 (φ’
522 3263 562 3298 ibi
568 3263 702 3310 gloffa.de
712 3260 960 3310 consuet.Bald.ad
975 3260 1004 3296 d.
1016 3261 1038 3294 l.

639 201 841 244 PETRI
872 201 1100 243 PECKII
1132 197 1489 243 COMMENT.

1104 268 1287 315 celsianum.
1305 281 1355 312 17,
1374 264 1518 303 Secunda
1529 276 1656 314 quoque
1672 264 1923 303 dubitatio‘non

1103 317 1224 353 obstat:
1241 317 1313 364 quia
1331 328 1366 353 vt
1383 316 1460 350 alios
1478 322 1613 350 Ioannem
1629 317 1667 350 'de
1687 321 1786 351 Platea
1799 318 1836 350 ad
1854 320 1881 352 tl.
1894 321 1918 353 l.

1103 368 1347 412 quemadmodum.
1359 365 1481 401 secutus
1495 365 1539 398 ait
1548 364 1705 409 Alcimus,
1720 367 1787 400 diet.
1801 368 1920 401 Lvenia.

1103 429 1181 452 num.
1199 428 1252 459 29.
1278 414 1423 461 loquitur
1437 413 1715 463 ibilexdeiustico
1729 439 1738 456 ,
1765 416 1820 461 qui
1837 413 1856 448 fi
1867 427 1921 462 pei·

1101 464 1332 513 {implicitatem
1359 463 1407 498 seu
1429 463 1641 510 imperitiam,
1667 475 1738 510 quae
1759 465 1791 498 in
1808 477 1847 497 eo
1864 464 1918 505 est,

1104 513 1153 549 vel
1173 521 1254 549 cert‘e
1268 510 1324 547 elie
1343 513 1471 549 deberet
1485 538 1494 552 ‚
1515 511 1637 558 aliquid
1649 511 1792 547 aduersus
1815 511 1923 560 legem·

1103 575 1255 598 mercatus
1268 560 1362 596 fuerit
1373 588 1383 604 ‚
1408 562 1533 598 veniam
1549 572 1685 596 meretur
1700 577 1707 596 :
1726 560 1786 595 Vel
1796 566 1853 603 (vt
1865 562 1918 606 alii

1103 613 1282 647 existimant
1308 613 1393 657 Gloff.
1419 613 1539 652 ibidem)
1570 623 1656 645 error
1691 609 1920 658 prohibit-ionis

1103 660 1192 696 sach:
1211 688 1220 707 ‚
1248 663 1281 696 in
1303 661 1420 696 damno
1442 658 1576 694 vitando
1595 672 1659 694 non
1675 671 1783 696 nocet.
1815 657 1919 700 Quod

1103 723 1179 746 vero
1206 711 1301 746 tertio
1324 710 1399 744 loco
1423 711 1695 753 commum-titur,
1720 708 1799 743 lianc
1819 711 1919 743 ratio-

1103 773 1174 794 nem
1194 758 1288 794 habet
1302 785 1312 803 ,
1339 771 1432 803 quani
1450 764 1481 792 ὅ(
1507 757 1676 797 Castrenfis
1698 770 1828 804 quoque
1843 770 1920 804 pro*

1103 807 1166 847 bat,
1181 811 1254 844 add.
1266 811 1292 855 ξ
1303 808 1330 854 fi
1341 808 1480 852 &pupilla
1496 806 1586 855 quod
1600 808 1631 841 in
1643 820 1674 841 re
1685 806 1784 843 aliena
1802 812 1833 842 δι
1847 820 1922 841 mo-

1103 856 1181 900 bili,
1205 857 1245 891 de
1256 869 1317 903 qua
1328 857 1394 892 illic
1405 858 1526 903 agitur,
1555 861 1584 890 ἃ
1600 857 1633 891 iri
1643 868 1703 904 qua
1719 855 1925 904 distrahenda

1102 920 1168 941 non
1182 908 1350 954 requiritur
1361 907 1522 942 decretum
1534 905 1648 941 iudicis
1663 930 1672 944 ‚
1698 904 1769 940 satis
1781 905 1834 946 est,
1849 918 1918 939 em-

1100 967 1224 1002 ptorem
1239 954 1575 1003 vsucapeievolentem
1587 984 1595 996 ‚
1617 954 1695 990 iusta
1708 957 1828 991 ratione
1841 968 1921 990 .cre-

1100 1004 1208 1039 didiss'e
1219 1030 1229 1048 ,
1254 1006 1343 1053 quod
1354 1004 1504 1041 venditor
1518 1014 1642 1039 aetatem
1656 1004 1840 1051 pupillarem
1857 1017 1915 1038 ex-

1101 1053 1230 1095 cesserat,
1251 1057 1338 1100 argl.
1352 1065 1381 1099 3.
1383 1054 1460 1099 Πανί
1476 1061 1507 1088 S.
1523 1060 1558 1088 C.
1571 1054 1717 1088 Macedon.
1732 1051 1812 1088 ade-‹¹›
1827 1051 1920 1098 quod

1102 1101 1177 1138 licet
1201 1104 1377 1138 contractus
1397 1115 1470 1136 cum
1496 1100 1619 1149 pupillo
1638 1103 1757 1145 initus,
1781 1102 1876 1135 etiam
1895 1100 1920 1136 fi

1103 1151 1199 1186 iustus
1220 1165 1304 1187 error
1325 1149 1521 1186 intercesserit
1534 1176 1544 1193 ‚
1568 1150 1674 1198 quoad
1689 1151 1754 1185 eius
1769 1149 1935 1202 praeiudi-'

1103 1201 1187 1235 cium
1212 1214 1276 1235 non
1294 1200 1430 1236 subfistat
1449 1216 1456 1234 :
1475 1199 1612 1247 respectu,
1624 1198 1729 1234 tamen
1749 1200 1835 1246 terti]
1850 1200 1918 1245 veri

1102 1249 1252 1293 domini,
1275 1251 1362 1285 cuius
1380 1249 1567 1297 negligentia
1588 1247 1803 1285 consideratur
1823 1260 1918 1295 penes

1103 1311 1322 1346 quemcunque
1343 1312 1388 1335 res
1404 1298 1450 1341 sit,
1467 1297 1592 1346 prodest
1606 1323 1617 1341 ‚
1645 1302 1677 1333 &
1693 1299 1831 1333 maxime
1840 1299 1918 1345 qui-

1103 1348 1179 1384 dem
1198 1345 1218 1381 fi
1235 1349 1332 1383 iustus
1354 1361 1438 1383 error
1457 1358 1633 1382 concurrat.
1665 1349 1748 1383 Nam
1765 1360 1838 1383 cum
1854 1348 1918 1382 bo-

1104 1411 1142 1433 na
1157 1397 1235 1433 fides
1249 1397 1434 1433 adiumento
1456 1395 1493 1432 fit
1506 1395 1688 1442 vsucapioni
1713 1411 1723 1438 ;
1749 1397 1860 1444 vtique
1883 1397 1919 1431 in

1105 1448 1196 1482 omni
1211 1444 1305 1485 causa,
1319 1459 1358 1481 ex
1371 1460 1432 1495 qua
1445 1444 1591 1492 vsucapio
1603 1443 1686 1492 sequi
1698 1443 1918 1491 prodelhsem-

1106 1509 1158 1544 per
1173 1495 1243 1542 plus
1255 1497 1287 1530 in
1298 1497 1450 1541 opinione
1461 1501 1554 1543 qua'm
1566 1496 1596 1529 in
1607 1507 1639 1529 re
1654 1495 1718 1538 est,
1739 1497 1759 1531 l.
1776 1507 1840 1529 eum
1857 1498 1919 1539 qui·

1100 1544 1138 1591 ff.
1149 1546 1181 1579 tle
1192 1547 1295 1589 public.
1305 1549 1334 1578 in
1347 1556 1406 1580 rem
1420 1547 1526 1579 aaron.
1555 1547 1634 1578 Sunt
1651 1554 1754 1578 tamen
1765 1545 1819 1591 qui
1835 1542 1875 1578 de
1885 1556 1918 1578 re
1956 1580 1962 1581 ἶ

1107 1593 1240 1642 pupilli,
1265 1605 1334 1640 quae
1349 1594 1415 1629 iure
1433 1596 1533 1628 veteri
1554 1592 1776 1628 alienationem
1799 1592 1922 1627 admit-

1110 1642 1219 1686 tiebat,
1245 1643 1293 1690 agi
1321 1641 1409 1688 poffe
1425 1642 1617 1677 existimant.
1647 1642 1699 1676 Sic
1725 1653 1783 1676 nec
1809 1653 1920 1690 quarm

1109 1704 1238 1740 quoque
1249 1702 1359 1725 mouet
1373 1690 1554 1732 dubitatio,
1585 1691 1658 1727 iuris
1679 1691 1764 1725 enim
1777 1689 1921 1737 prohibi-

1110 1753 1160 1777 tio
1180 1740 1220 1775 ad
1242 1753 1291 1774 eas
1311 1739 1467 1777 duntaxat
1487 1740 1677 1776 donationes
1698 1740 1851 1787 pertinet,
1879 1751 1930 1774 εκ·

1110 1789 1225 1838 quibus
1236 1789 1416 1826 donatarius
1429 1789 1641 1837 locupletior,
1663 1791 1731 1823 &is
1744 1788 1916 1837 quidedit,
1961 1820 1965 1829 ,

1109 1840 1270 1888 pauperior
1281 1836 1381 1880 fierit,
1410 1841 1439 1875 d.
1451 1841 1471 1873 l.
1493 1853 1518 1874 i.
1538 1852 1577 1873 ne
1592 1838 1709 1874 seilicet
1721 1850 1871 1887 coniuges
1885 1851 1921 1872 a-

1109 1902 1197 1924 more
1218 1900 1331 1924 mutuo
1354 1887 1382 1922 se
1406 1889 1544 1923 inuicem
1564 1886 1745 1934 spoliarent.
1774 1885 1922 1936 Ideoque

1110 1951 1174 1973 non
1201 1936 1301 1984 potest
1320 1937 1422 1973 videri
1443 1938 1485 1971 rei
1501 1936 1607 1972 alienae
1620 1936 1756 1972 donatio
1765 1935 1820 1972 esse
1843 1949 1919 1984 pro-

1108 1985 1209 2022 liibita
1224 2012 1231 2026 ,
1261 1999 1331 2021 cum
1352 2000 1391 2021 ex
1410 1987 1503 2021 bonis
1531 1985 1680 2022 donantis
1703 1987 1846 2034 coniugis
1870 1987 1922 2020 ni-

1109 2035 1156 2070 hil
1179 2035 1386 2071 diminuatur.
1419 2034 1547 2081 Qnto
1572 2047 1702 2082 quoque
1726 2048 1789 2071 non
1817 2034 1920 2070 obstat

1110 2085 1145 2119 id
1162 2110 1171 2124 ‚
1196 2083 1285 2130 quod
1300 2083 1340 2118 de
1359 2083 1536 2119 donatione
1547 2083 1564 2116 ὲ
1578 2083 1711 2118 Praelato
1729 2083 1861 2119 eccleliae
1871 2082 1920 2119 fa-

1107 2135 1156 2168 ἃει
1182 2132 1298 2168 dicitur
1324 2147 1332 2166 x

1105 2180 1296 2230 prescriptio
1311 2182 1342 2214 in
1367 2179 1524 2228 proposita
1541 2179 1613 2217 faffi
1629 2179 1729 2228 specie
1743 2205 1753 2220 ,
1783 2195 1876 2230 quam
1892 2179 1915 2216 fi

1105 2230 1329 2266 monasterium
1352 2230 1449 2278 quod,
1466 2228 1598 2278 amplius
1621 2242 1792 2277 receperat,
1821 2243 1917 2278 quam

1107 2279 1157 2315 lex
1170 2277 1321 2328 permisit,
1338 2279 1370 2314 in
1381 2277 1464 2314 facto
1473 2280 1586 2314 errauit
1606 2293 1616 2320 ;
1637 2292 1672 2313 vt
1687 2281 1760 2327 quia
1773 2279 1910 2316 credidit

1103 2328 1171 2374 plus
1197 2328 1307 2364 datum
1330 2341 1393 2363 non
1407 2326 1463 2362 esse
1481 2353 1491 2369 ‚
1518 2332 1549 2363 δε
1574 2326 1707 2364 ccclefiae
1729 2327 1914 2377 episcopalis

1104 2376 1221 2414 fruetus
1242 2376 1347 2414 multo
1360 2376 1528 2424 ampliores
1548 2376 1603 2412 effe
1628 2393 1637 2418 ;
1663 2375 1746 2412 secus
1762 2377 1783 2413 fi
1801 2379 1832 2412 in
1847 2379 1914 2414 iure

1104 2425 1245 2470 errasset,
1264 2426 1382 2474 sibique
1404 2425 1538 2471 amplius
1550 2427 1685 2473 recipere
1705 2425 1795 2462 licere
1807 2427 1914 2473 putas-

1103 2474 1157 2510 set.
1188 2479 1285 2511 Error
1297 2477 1379 2511 enim
1391 2474 1462 2510 facti
1478 2474 1754 2523 praesumptionem
1769 2490 1833 2512 non
1850 2478 1913 2511 im-

1104 2524 1191 2570 pedit
1208 2551 1218 2565 ‚
1247 2538 1331 2560 error
1341 2538 1417 2560 vero
1430 2525 1503 2559 iuris
1515 2525 1646 2571 impedit
1664 2540 1672 2559 ι
1694 2527 1767 2572 quia
1777 2538 1849 2561 cum
1861 2524 1909 2560 ius

1103 2573 1232 2609 finitum
1245 2573 1281 2609 lit
1294 2599 1304 2617 ,
1328 2573 1482 2622 certisque
1493 2574 1607 2621 regulis
1617 2573 1824 2610 concludatur
1837 2600 1845 2614 ,
1875 2585 1912 2610 vt

1104 2624 1239 2671 ignorari
1256 2637 1320 2657 non
1330 2623 1453 2664 debeat,
1463 2621 1815 2670 l.legesfi1crat.2ssm1ae.c.
1826 2624 1859 2658 de
1866 2625 1914 2658 le·-

1100 2670 1247 2718 gibi'aeta
1262 2671 1385 2707 infinita
1398 2672 1471 2708 sunt
1483 2701 1493 2717 ‚
1518 2673 1586 2719 qua}
1599 2671 1687 2706 facile
1699 2671 1808 2707 iustam
1820 2673 1915 2720 igno-

1102 2723 1209 2756 rantiae
1224 2719 1342 2756 causam
1354 2721 1538 2757 admittunt.
1578 2733 1601 2754 c.
1612 2720 1914 2768 ignorantiasupraaeo

1103 2777 1144 2805 D.
1157 2773 1300 2809 Amaia&
1311 2777 1413 2807 Panor.
1426 2772 1463 2804 ad
1470 2771 1524 2804 d.c.
1540 2769 1704 2815 apostolica.
1731 2768 1781 2804 Ad
1795 2769 1913 2817 postre-

1102 2831 1187 2853 mam
1210 2831 1338 2867 quoque
1371 2817 1607 2854 dubitationem
1642 2816 1819 2866 responderi
1848 2830 1914 2865 po·-

1102 2868 1158 2903 test
1172 2893 1183 2910 ‚
1212 2869 1301 2915 quod
1324 2873 1376 2911 (vt
1387 2869 1430 2902 ait
1442 2868 1604 2908 Dominus
1621 2862 1818 2914 (sardinalis)
1839 2865 1912 2902 reli-

1099 2915 1179 2965 giosi
1203 2920 1258 2963 qui
1286 2927 1464 2962 acceperant
1490 2915 1626 2952 ecclelias
1648 2928 1687 2951 ex
1711 2928 1804 2950 manu
1827 2915 1912 2956 laici-0
1943 2928 1945 2930 ·

1099 2965 1237 3001 errabant
1252 2968 1284 3000 in
1297 2964 1380 3000 faeto
1393 2989 1404 3008 ‚
1430 2963 1650 3014 habebantque
1670 2963 1779 2999 iustam
1791 2964 1916 3001 causam·

1099 3014 1260 3064 cogitandi
1276 3040 1286 3056 ,
1306 3013 1396 3061 quod
1408 3011 1569 3049 consensus
1591 3013 1728 3061 episcopi
1749 3013 1794 3048 ibi
1813 3015 1912 3051 inter-

1099 3076 1225 3100 uenerat
1236 3090 1252 3109 Ι,
1275 3061 1359 3098 forte
1377 3063 1464 3110 quod
1485 3061 1730 3098 ostendebantur
1740 3061 1800 3097 illis
1813 3062 1911 3099 literae

1094 3111 1194 3158 falsae,
1218 3124 1287 3160 quae
1298 3111 1485 3148 videbantur
1503 3112 1668 3147 continere
1679 3111 1814 3147 eundem
1830 3124 1913 3146 con-

1092 3160 1210 3197 sensum
1224 3186 1236 3205 ,
1261 3160 1312 3197 vel
1325 3163 1396 3209 quia
1418 3159 1664 3197 intellexerant&
1677 3161 1749 3195 viro
1768 3158 1834 3196 fide
1856 3160 1909 3195 di-

1091 3223 1158 3258 gno
1182 3209 1271 3244 illum
1295 3209 1514 3252 interuenisse,
1540 3209 1614 3257 quia
1637 3207 1706 3244 talis
1733 3208 1908 3257 probabilis

1092 3258 1258 3299 credulitas
1284 3258 1338 3296 dat
1367 3259 1485 3297 iustum
1516 3256 1648 3296 titulum
1672 3257 1910 3306 praescribendi,-

1521 3322 1525 3326 ’
1817 3313 1902 3343 Bart.

1362 2135 1474 2180 Neque
1499 2132 1583 2167 enim
1608 2131 1695 2167 aliter
1720 2134 1932 2179 permittitur·
1948 2157 1955 2164 .

2029 2387 2052 2466 -εξήν
2028 2339 2052 2383 ’,ἑξεὲ
2030 2179 2052 2334 ,ύῗᾰ;»κξ«·-“Ζν5Τ-.
2024 2111 2052 2168 ⁴:441.

2025 2656 2044 2691 ζῇν·-

2027 2582 2052 2674 ,ἷ-*Ἅῄῖ
2043 2564 2045 2572 <
2044 2530 2052 2539 .‹
2032 2506 2033 2509 ⁴
