2052 3562
226 235 229 237 ,
248 206 325 260 305

253 281 423 322 Iabolenus
445 293 484 318 ex
500 277 608 321 Casfio
635 279 797 324 respondit
814 308 825 325 ,
852 290 912 316 nos
931 290 997 315 eius
1009 277 1055 315 rei

253 331 472 384 poffeffionem
484 358 496 377 ‚
519 342 618 381 quam
632 328 690 381 ipsi
703 342 771 365 non
787 326 960 373 habemus,
987 325 1055 363 ali's

254 380 377 418 tradere
408 379 470 415 ossc
482 408 494 426 ‚
523 377 623 414 veluti
632 391 704 414 cum
715 377 740 413 is
751 406 762 424 ‚
788 377 846 428 qui
860 390 920 426 pro
931 341 1055 413 haerede

252 442 321 466 rem
337 393 511 479 pofiideb'at
530 425 667 463 alienam
682 456 692 474 ,
716 434 871 473 tanquam
889 423 1055 461 haeredita-

251 478 342 517 riam,
361 487 532 525 antequam
548 475 736 523 vsucapione
751 473 909 524 completa
919 472 1056 521 ,cogni-

254 537 354 577 toque
367 525 492 562 alterius
504 526 571 561 iure
582 523 732 562 dominus
745 522 920 570 fieret,eam
933 521 973 557 ab
992 522 1055 558 hae-

251 575 325 612 rede
336 575 403 612 veri
418 573 541 611 domini
551 575 692 623 precario
700 584 828 620 rogaret
839 601 851 620 ,
879 575 898 606 l.
911 572 1054 606 interdum

247 622 284 670 ff.
297 625 330 657 de
338 635 401 668 acq.
412 623 480 668 poff.
494 621 556 659 Iste
566 622 650 658 enim
665 618 809 658 defunffi
819 619 943 657 domini
956 618 1055 655 haeres

253 670 376 708 nullam
396 673 452 717 (vt
466 671 612 712 videtur)
631 671 664 707 in
673 683 708 706 ea
726 683 758 706 re
777 668 888 706 habuit
900 668 1056 719 possessio-

251 726 326 757 n'em
340 727 373 757 x&
386 731 493 757 tamen
506 718 715 756 concedendo
736 732 806 753 eam
815 718 935 768 petenti
953 730 1056 767 preca-

252 770 303 807 rio
316 797 329 815 ,
345 782 483 805 *nouam
494 770 522 804 ei
546 767 602 804 dat
627 766 843 816 possessionem
862 765 1053 812 naturalem,

253 831 352 864 quam
362 817 425 867 ipse
435 831 502 854 non
515 815 637 853 habuit.
674 813 823 852 Secundo
833 828 871 850 ex
879 828 920 851 eo
932 844 944 861 ,
961 815 1053 864 quod

252 866 318 903 Iul.
338 865 456 902 Paulus
473 863 610 915 expresse⁷
625 864 692 911 ait,
718 863 810 916 quod
824 861 970 900 nostrum
987 876 1055 900 non

252 914 299 951 est
311 914 352 951 ad
363 914 460 950 alium
470 927 528 949 nos
537 911 714 949 transferre.
742 913 772 948 ls
784 911 870 948 enim
883 935 893 952 ‚
918 912 975 962 qui
985 910 1058 948 fim-

252 966 331 1000 dum
344 962 439 999 habet
451 988 461 1003 ‚
495 963 640 1011 quamuis
668 959 899 998 vsumfmaum
921 959 989 996 non
1003 959 1057 996 ha-

252 1010 324 1061 bet,
338 1010 570 1049 vfiamfsuffiim
581 1022 688 1047 tamen
701 1008 811 1046 cedere
819 1008 923 1055 potest
937 1038 948 1054 ,
960 1012 979 1044 l.
987 1012 1059 1051 quod

251 1062 375 1107 nostrum
384 1061 457 1106 ffide
472 1060 607 1105 vsufruel.
635 1056 756 1094 Tem&
766 1070 804 1093 ex
815 1070 869 1103 eo,
881 1057 973 1105 quod
982 1055 1060 1094 scri-

253 1109 302 1146 bit
320 1109 476 1159 leianus
488 1134 495 1147 ‚
522 1121 645 1144 nouum
656 1120 724 1143 non
737 1105 812 1152 esse,
825 1103 862 1142 vt
880 1106 937 1154 qui
946 1106 1056 1143 domi-

252 1161 342 1196 nium
355 1172 421 1195 non
433 1155 542 1204 habet,
554 1156 605 1201 ah}
618 1155 798 1192 dominium
805 1152 953 1204 praebeat.
973 1159 1057 1192 Nam

252 1214 284 1244 ἃ
294 1206 433 1245 creditor
441 1206 558 1256 pignus
566 1204 739 1242 vendendo
751 1232 764 1250 ,
789 1204 911 1239 causam
922 1202 1058 1251 dominij

252 1256 392 1308 praestm,
405 1255 494 1303 quod
505 1254 567 1305 ipse
575 1268 644 1290 non
657 1252 777 1289 habuit.
790 1255 869 1286 laum
894 1253 930 1295 est
940 1266 1056 1287 nouum.

251 1306 321 1351 ffide
329 1318 391 1350 acq.
407 1316 462 1338 νίν.
474 1306 547 1339 dvm.
561 1301 698 1340 &iudex
708 1331 719 1349 ,
733 1311 750 1340 ς
768 1304 817 1336 vlt.
835 1302 867 1334 de
880 1300 1055 1344 offic.iud1c.t.

249 1354 444 1402 possessionem.
457 1363 492 1388 (Τ.
505 1355 664 1387 communia
676 1350 931 1396 Vtriusqueiudnij.
941 1363 1058 1401 procu-

254 1416 340 1443 rator
348 1415 421 1439 cum
434 1400 544 1447 libera,
560 1412 576 1440 s
601 1402 715 1435 vendita
726 1398 849 1444 institut.
861 1400 894 1432 de
904 1411 961 1432 rer.
973 1399 1058 1444 dtuts.

253 1451 401 1505 praelatus
413 1449 562 1497 ecclesiae,
573 1452 707 1483 authdm
718 1453 768 1484 ius.
782 1448 853 1482 cde
864 1446 1060 1494 [κινοίη-εἰμι’,

255 1512 365 1541 tutor,
385 1501 454 1534 l-lcx
463 1511 519 1543 qua
532 1511 560 1533 m
568 1499 638 1542 fis..
650 1502 683 1531 de
699 1496 826 1542 admints
841 1506 885 1530 tu.
904 1502 935 1531 ὃς
945 1509 1060 1533 execu-

255 1562 308 1587 tor
318 1579 329 1597 ‚
342 1552 487 1594 l.pignora
499 1546 565 1592 [fale
574 1550 655 1581 emet.
664 1545 845 1582 dominium
857 1543 949 1595 quod
961 1558 1058 1593 penes

257 1612 311 1636 eos
325 1611 391 1633 non
417 1596 462 1632 est
482 1626 495 1643 2
530 1595 563 1631 in
590 1595 688 1630 alium
710 1602 802 1630 trans'
811 1607 878 1629 erre
898 1593 1057 1632 videntur.

255 1646 384 1690 Quarto
397 1658 435 1681 ex
445 1644 591 1693 eo,quod
601 1644 722 1680 locator
733 1672 745 1689 ,
769 1643 825 1692 qui
837 1654 892 1691 per
903 1640 1055 1677 colonum

253 1692 507 1746 seuinquilinum
514 1692 667 1744 expellere
677 1705 742 1728 non
755 1692 883 1743 potest,
898 1688 1057 1740 expellen-

256 1744 289 1782 di
312 1755 420 1779 tamen
431 1739 616 1778 facultatem
632 1754 665 1778 in
676 1751 853 1789 emptorem
871 1738 987 1774 aedium
1005 1737 1070 1775 10--

254 1804 396 1830 catarum
411 1794 606 1835 temptarem.
618 1792 758 1825 edocati.
784 1785 939 1824 transfert.
989 1789 1058 1822 uin-

254 1841 293 1879 τὸ
307 1846 349 1878 ex
357 1854 397 1877 eo
407 1865 416 1881 =
444 1837 535 1891 quod
564 1837 756 1875 lastinianus
780 1836 1062 1873 constitutionibus

255 1888 416 1927 veteribus
433 1887 631 1933 antiquitatis
648 1885 814 1923 constituit
833 1915 844 1931 ,
882 1883 1062 1922 debitorem

256 1939 361 1978 eiusne
384 1936 542 1975 haeredem
567 1935 712 1973 aduersus
743 1933 1008 1984 hypothecariam
1028 1946 1066 1968 a·

258 1989 402 2026 &ionem
414 2012 424 2030 ‚
452 1983 585 2022 nonnisi
596 1983 809 2035 quadraginta
828 1996 987 2019 annorum
998 1983 1067 2033 spa-

256 2038 307 2074 tio
317 2033 513 2087 praelcribere
522 2032 608 2084 poffe
618 2059 629 2077 ‚
653 2046 727 2069 eum
743 2046 821 2069 vero
831 2032 889 2081 qui
911 2045 981 2067 eam
999 2044 1066 2067 rem

261 2085 302 2123 ab
312 2085 360 2122 his
371 2084 568 2129 distractam,
582 2083 715 2131 triginta
725 2082 814 2117 annis
824 2079 960 2131 possedit
970 2108 978 2126 ,
989 2093 1067 2130 prae-

263 2134 394 2173 scribere
402 2132 489 2182 posse
498 2157 508 2174 ,
519 2132 746 2176 l.cumn0nss1‘nn·
758 2140 788 2170 ς.
796 2137 848 2164 i..C
860 2131 894 2162 de
900 2129 1007 2175 prascr.
1015 2140 1065 2174 30.

263 2187 377 2228 vel40-
385 2193 535 2217 annorum,
547 2178 646 2217 Sexto
656 2193 696 2216 ex
710 2193 761 2226 eo,
772 2177 863 2228 quod
900 2177 947 2213 uis
957 2177 999 2213 rei
1010 2175 1067 2212 ali-

262 2234 354 2270 cuius
362 2228 580 2280 possessionem
598 2243 665 2266 non
677 2229 710 2265 vi
727 2257 739 2275 ‚
761 2241 830 2264 non
842 2190 922 2264 ddlo
938 2223 1026 2261 malo
1035 2231 1066 2260 δε

261 2282 344 2320 τίετε
367 2278 588 2316 conscientiam
610 2276 705 2313 alieni
723 2276 857 2321 dominij
876 2274 917 2311 ab
932 2273 996 2310 alio
1010 2287 1066 2309 na-

266 2330 337 2367 fius
345 2327 383 2365 fit
392 2357 405 2375 ‚
423 2340 522 2376 quem
531 2326 700 2363 dominum
712 2324 771 2361 effe
788 2324 939 2365 credidit,
955 2324 1066 2359 vsuca-

263 2379 362 2430 pione
373 2374 532 2427 completa
543 2373 725 2411 defenditur
735 2402 746 2418 ‚
771 2372 907 2420 eamque
914 2385 981 2408 rem
991 2369 1064 2407 vsu-

260 2426 351 2476 capit
360 2451 370 2469 ,
380 2438 479 2476 quam
489 2422 559 2459 suus
568 2421 685 2458 author
694 2431 825 2471 propter
837 2419 954 2457 malam
966 2418 1066 2458 fidem

259 2475 432 2526 vsucapere
441 2486 508 2508 non
518 2471 633 2521 potuit.
649 2481 681 2511 s.
690 2478 701 2500 Ι
708 2470 784 2515 ,ιἠβ.
794 2471 827 2503 de
837 2470 874 2514 vs
869 2482 898 2503 u.
921 2468 1067 2518 Septimo

264 2537 304 2561 ex
313 2536 374 2571 eo,
392 2520 484 2573 quod
493 2520 566 2557 licet
575 2530 726 2571 patronus
740 2547 751 2565 ‚
776 2517 871 2554 laicus
880 2515 922 2553 ad
935 2514 1068 2567 praesen-

259 2571 397 2610 tandum
420 2568 650 2618 quadrimestre
673 2567 839 2604 dumtaxat
861 2577 988 2617 tempus
1004 2564 1065 2601 ha-

253 2620 338 2658 ''beat
364 2633 374 2654 ε
399 2617 526 2657 ecclefia
549 2628 657 2653 tamen
681 2615 732 2652 vel
744 2614 971 2652 monasterium
983 2614 1035 2650 cui
1046 2612 1064 2649 ὲ

260 2670 344 2709 laico
356 2668 430 2705 iuris
450 2677 635 2717 patronatus
648 2663 777 2702 collatio
789 2663 870 2701 faeta
883 2663 928 2700 est
936 2692 949 2711 ,
979 2673 1065 2698 tem-

261 2732 321 2769 pus
335 2716 480 2754 semestre
489 2714 584 2751 habet
593 2744 605 2762 ‚
631 2717 735 2750 cmnc.
751 2723 778 2754 ς.
786 2713 819 2759 fi.
827 2713 934 2760 sup.de
943 2716 1002 2746 iure
1010 2720 1062 2756 pa-

260 2769 404 2803 amhn.
412 2767 459 2801 tib.
472 2773 504 2801 6.
516 2761 657 2801 oetan&
668 2775 707 2798 ex
715 2776 755 2799 eo
768 2788 778 2806 ,
788 2762 880 2812 quod
892 2759 1064 2811 Archiepi-

262 2817 373 2868 scopus
383 2813 481 2865 pallio
493 2811 638 2850 nondum
647 2822 779 2861 accepto
792 2841 803 2858 ‚
811 2810 901 2846 suum
918 2808 1067 2857 suffraga-

263 2878 361 2902 neum
374 2862 556 2904 consecrare
575 2873 643 2897 non
653 2859 757 2910 potest
766 2873 776 2894 ε
785 2858 854 2904 alijs
862 2869 969 2895 tamen
978 2856 1065 2905 Epi-

259 2915 360 2964 scopis
369 2913 451 2949 hanc
462 2907 664 2947 consec-randi
674 2908 863 2959 potestatem
871 2904 944 2943 facit
955 2931 965 2949 ‚
975 2906 1064 2952 asaf-

256 2963 413 3009 fragam-eus
425 2963 457 2994 de
471 2962 550 2994 elea.
578 2955 744 3005 solentque
751 2955 873 3007 praelati
884 2953 1063 3001 inferiores,

264 3016 297 3046 δι
311 3009 485 3059 capitulum
494 3005 564 3044 sede
575 3017 709 3042 vacante
727 3003 982 3042 ordinandorum
997 3001 1064 3040 cle-

263 3059 402 3095 ricorum
415 3085 425 3103 ,
465 3055 624 3092 licentiam
638 3054 709 3101 alijs
734 3053 808 3091 dare
817 3066 915 3103 quam
928 3049 985 3103 ipsi
996 3063 1063 3087 non

261 3105 391 3144 habent,
402 3116 490 3139 caum
501 3106 586 3138 nunus
598 3105 630 3137 de
639 3106 804 3148 temporibus
816 3100 1060 3137 ordinandum.

262 3153 372 3192 Nono
381 3165 419 3188 ex
434 3164 489 3197 eo,
494 3151 589 3201 -quod
596 3150 740 3201 poffessio
753 3150 837 3198 laici,
848 3163 921 3200 quae
931 3150 949 3185 ἓι
957 3145 1060 3186 colla—

259 3203 350 3240 tione
360 3199 456 3237 libera
467 3212 533 3234 non
540 3198 586 3234 est
600 3223 610 3240 ,
631 3212 667 3234 ea
678 3199 820 3236 libertate
832 3205 862 3235 ἃ
880 3196 1060 3249 exemptio-

259 3249 350 3297 ηεξ-[ι
360 3250 379 3287 ἐι
392 3247 474 3287 laico
480 3248 515 3284 in
521 3244 685 3283 ecclefiam
697 3247 845 3285 transsata
855 3245 950 3285 fuerit
958 3271 970 3291 ,
981 3256 1059 3294 gau-

642 204 845 246 PETRI
900 201 1130 245 PECKII
1186 196 1547 244 COMMENT-

1101 278 1167 315 det.
1179 289 1222 314 ca.
1235 277 1296 314 mle
1306 275 1628 311 immunitaeccteodJib
1643 273 1787 311 Decim&
1801 287 1838 311 ex
1849 279 1906 324 eo‚'

1101 325 1193 376 quod
1205 324 1339 379 qualitas
1350 321 1571 375 superueniens
1581 323 1627 359 ius
1637 323 1778 359 authoris
1789 323 1822 359 in
1832 338 1908 373 per-

1100 377 1177 412 sona
1186 373 1363 411 successoris
1374 402 1384 420 ,
1408 376 1426 406 l.
1431 383 1644 418 procuratorem
1650 372 1684 424 ff
1699 374 1732 406 de
1743 374 1907 417 acq.haered.

1104 427 1125 460 Ι.
1132 424 1273 470 seruus.§.
1287 421 1673 466 quifideiconineiffariam.ff'.
1682 424 1717 454 ὶϊτ
1730 423 1830 457 haered.
1842 421 1908 467 inst.

1104 472 1262 509 immutat.
1290 471 1335 508 Et
1349 469 1523 507 vndecimc)
1536 483 1574 505 ex
1591 483 1629 505 eo
1641 500 1652 516 ‚
1680 469 1771 520 quod
1782 467 1903 509 Abbas‚

1104 522 1160 571 qui
1172 521 1233 571 ipse
1244 519 1427 557 benedidus
1437 532 1502 554 non
1515 517 1575 564 est,
1587 518 1761 554 monachos
1771 518 1840 555 suos
1852 517 1907 555 be-

1103 569 1224 607 nedicit
1233 599 1245 617 ‚
1280 579 1339 613 cap.
1349 583 1357 603 ι
1366 595 1374 603 .
1384 570 1416 601 de
1420 567 1574 612 supplenda
1584 578 1650 611 neg,
1659 570 1852 609 praelatorum.
1877 573 1908 602 δι

1105 619 1257 669 Princeps
1268 616 1388 653 elector
1399 642 1409 658 ‚
1436 616 1493 667 qui
1506 615 1685 665 Imperator
1695 628 1761 650 non
1769 614 1814 651 est
1825 644 1837 662 ‚
1848 615 1909 651 im-

1102 666 1254 715 perialem
1278 666 1477 703 maiestatem
1502 669 1534 699 &
1558 663 1747 713 dignitatem
1759 663 1793 700 in
1812 663 1908 705 >illum

1104 714 1312 754 transfundit.

1151 766 1167 802 †
1189 763 1290 801 Ratio
1307 773 1413 798 autem
1441 759 1610 799 decidendi
1628 759 1673 797 est
1694 789 1706 805 ,
1733 771 1770 798 vt
1781 761 1908 808 malitiis

1101 813 1271 850 hominum
1282 812 1415 848 obuiam
1426 822 1530 851 eatur,
1545 813 1574 844 i'n
1581 807 1753 856 fund0.ff.de
1764 816 1805 846 rei
1822 813 1909 847 vend.

1103 868 1134 898 δε
1144 863 1217 914 quia
1230 860 1263 898 id
1273 861 1366 910 quod
1384 859 1530 896 nostrum
1540 859 1596 898 est,
1612 857 1676 895 sine
1687 857 1776 896 theto
1794 859 1909 897 nostro

1103 912 1195 948 nobis
1214 910 1320 947 inuitis
1338 908 1452 945 auferri
1462 921 1529 944 non
1549 907 1652 957 potest
1666 937 1677 953 ,
1703 909 1754 942 Μ.
1768 911 1809 944 id.
1822 913 1907 955 quod.
1927 936 1939 943 2

1103 973 1180 997 nam
1189 959 1311 1009 alioqui
1321 956 1539 995 inuenirentur
1547 981 1556 997 ‚
1568 956 1624 1005 qui
1633 969 1699 991 rem
1710 955 1845 994 alienam
1859 958 1908 995 in-

1104 1007 1312 1046 teruertendo
1335 1006 1507 1042 alienarent
1526 1034 1538 1052 3
1566 1015 1627 1041 aut
1641 1017 1690 1039 res
1709 1007 1849 1056 proprias
1874 1008 1909 1044 in

1105 1056 1250 1095 fraudem
1260 1054 1455 1093 creditorum
1466 1052 1507 1090 ad
1516 1053 1594 1090 alios
1605 1053 1813 1091 transferrent
1821 1084 1834 1102 ‚
1860 1068 1912 1092 ea-

1108 1108 1171 1157 que
1183 1104 1409 1153 pollicerentur
1420 1131 1432 1149 ,
1444 1115 1516 1147 quae
1525 1102 1635 1138 scirent
1647 1102 1674 1137 sc
1685 1101 1833 1153 praestare
1841 1111 1910 1142 non

1108 1156 1203 1205 pofle.
1232 1155 1296 1190 Cui
1309 1165 1375 1188 non
1385 1149 1564 1200 refragatur
1573 1151 1607 1187 id
1621 1150 1711 1197 quod
1721 1151 1826 1202 primo
1835 1151 1912 1190 loco

1107 1200 1371 1240 controuertitur.
1397 1199 1490 1236 Nam
1501 1201 1557 1245 (vt
1568 1201 1612 1236 ait
1623 1199 1802 1236 Castrensis
1832 1205 1870 1236 ad
1881 1204 1913 1241 d.

1107 1250 1269 1287 Lmterdtim
1279 1251 1293 1295 )
1305 1262 1417 1286 verum
1428 1262 1495 1284 non
1505 1248 1550 1285 est
1563 1275 1572 1291 ‚
1598 1247 1688 1297 quod
1700 1248 1799 1284 haeres
1810 1260 1914 1287 trans-

1109 1300 1170 1338 fert
1188 1299 1221 1336 id
1235 1298 1326 1350 quod
1343 1311 1411 1334 non
1427 1296 1537 1333 habuit
1564 1314 1572 1335 ς
1598 1298 1674 1348 quia
1685 1310 1725 1333 eo
1740 1297 1808 1348 ipso
1819 1299 1912 1348 quod

1107 1349 1186 1385 alius
1195 1350 1336 1398 precario
1359 1345 1398 1381 ab
1410 1360 1449 1382 eo
1467 1359 1533 1382 rem
1544 1346 1689 1395 rogauit,
1717 1346 1845 1383 videtur
1863 1348 1914 1384 iu-

1108 1398 1149 1433 ris
1158 1397 1290 1434 fictione
1302 1396 1319 1432 a
1329 1406 1463 1444 rogante
1489 1395 1523 1430 in
1549 1409 1622 1431 eum
1641 1393 1791 1431 naturalis
1800 1396 1913 1446 poss'es-

1109 1445 1156 1483 sio
1169 1447 1228 1483 effe
1242 1443 1404 1491 transsata,
1415 1450 1445 1479 &
1455 1443 1667 1480 incontinent»
1682 1446 1797 1479 iterum
1808 1443 1848 1479 ab
1859 1459 1912 1493 eo,

1108 1496 1164 1546 qui
1176 1505 1306 1545 rogatus
1315 1492 1362 1529 est
1373 1522 1385 1540 ,
1403 1492 1436 1528 in
1446 1506 1517 1528 eum
1528 1493 1586 1543 qui
1605 1493 1734 1541 rogauit
1747 1492 1909 1530 transfusa.

1109 1542 1302 1580 cuiusmodi
1319 1540 1414 1579 fifflo
1435 1542 1522 1577 afrus
1538 1554 1610 1577 vere
1628 1555 1694 1577 non
1715 1541 1914 1579 interceden-

1108 1594 1161 1640 tis,
1174 1606 1240 1629 non
1253 1589 1487 1641 infrequensest
1496 1603 1527 1625 in
1544 1589 1624 1634 iure,
1637 1590 1913 1638 l.fingularem.ff.fi

1107 1652 1237 1687 cert.pet.
1248 1638 1340 1691 quod
1353 1652 1420 1675 non
1430 1636 1560 1674 obscure
1573 1638 1677 1675 voluit
1695 1638 1911 1690 Pomponius,

1107 1690 1186 1727 dum
1200 1704 1266 1726 vno
1289 1688 1364 1724 loco
1381 1687 1425 1723 ait
1438 1717 1450 1734 ‚
1480 1686 1615 1724 nancisci
1642 1687 1736 1723 illum
1760 1687 1914 1738 poss‘effio-

1107 1752 1191 1779 nem,
1206 1738 1263 1784 qui
1273 1735 1402 1786 rogauit
1414 1736 1555 1787 precario
1565 1765 1577 1781 ,
1591 1738 1609 1770 l.
1625 1738 1661 1774 ὅγ’
1673 1738 1766 1770 habet.
1771 1735 1806 1782 ff
1811 1739 1845 1771 de
1850 1747 1918 1782 pre-

1107 1792 1193 1822 cario.
1234 1785 1336 1823 &alio
1351 1782 1426 1821 loco
1436 1783 1534 1830 dicit,
1557 1796 1724 1833 rogantem
1738 1784 1839 1822 videri
1860 1785 1917 1823 de-

1111 1834 1211 1873 sinere
1221 1834 1373 1886 poffidere
1381 1859 1390 1874 ,
1398 1836 1416 1867 l.
1425 1833 1452 1870 fi.
1466 1834 1575 1868 eodan.
1590 1833 1735 1882 Ideoque
1746 1832 1918 1871 Cumanus

1112 1887 1214 1922 arete.
1228 1884 1378 1918 interdum.
1390 1881 1558 1933 respondet
1567 1907 1576 1924 ‚
1587 1881 1678 1933 quod
1689 1881 1798 1931 regula
1808 1883 1918 1920 nostra

1112 1932 1248 1982 intelligi
1264 1931 1360 1969 debet
1373 1933 1464 1982 quod
1475 1944 1573 1967 nemo
1601 1930 1671 1981 plus
1691 1932 1765 1967 iuris
1776 1931 1809 1967 in
1819 1931 1918 1969 alium

1113 1982 1280 2018 transferre
1291 1980 1396 2031 potest
1405 1993 1502 2028 quam
1515 1977 1577 2027 ipse
1590 1979 1683 2023 habet
1696 2009 1708 2027 ,
1730 1978 1845 2018 scilicet
1862 1994 1919 2017 ve·

1114 2030 1169 2077 re,
1195 2029 1245 2067 vel
1260 2028 1508 2077 interpretatiue.
1532 2028 1620 2065 Sicut
1629 2035 1659 2065 δι
1673 2027 1800 2065 Lon-iot.
1823 2028 1867 2064 ait
1879 2030 1919 2064 ad

1114 2091 1236 2126 iegmon
1247 2081 1307 2113 vult
1318 2082 1402 2112 haeres
1414 2076 1470 2123 effe.
1471 2075 1506 2121 ff
1512 2079 1637 2114 eod.non
1648 2077 1734 2128 posse
1740 2089 1837 2126 quem
1869 2076 1918 2114 lus

1114 2127 1189 2163 iuris
1202 2129 1235 2163 in
1252 2126 1350 2162 alium
1360 2124 1568 2161 transmittere
1583 2151 1594 2170 ,
1620 2140 1720 2176 quam
1732 2124 1794 2175 ipse
1803 2124 1845 2162 ha
1868 2137 1916 2174 et,

1114 2176 1228 2212 effestu
1237 2174 1350 2211 scilicet
1361 2180 1391 2209 ὃ(
1399 2173 1552 2224 potentia.

1174 2224 1187 2261 †
1205 2224 1256 2260 Sic
1266 2230 1296 2259 δι
1309 2223 1400 2273 quod
1410 2220 1630 2258 secundoloco
1637 2220 1807 2260 adducitur
1817 2252 1829 2269 ,
1855 2222 1916 2262 hac
1939 2247 1964 2280 6

1114 2273 1258 2315 ratione(
1273 2272 1351 2308 teste
1365 2268 1523 2319 Fulgosio
1537 2272 1573 2304 ad
1585 2273 1630 2304 ati.
1641 2273 1660 2304 l.
1676 2273 1747 2312 quod
1756 2271 1915 2318 nostram.)

1114 2320 1239 2358 dissolui
1248 2319 1353 2371 potest
1366 2344 1377 2362 ,
1401 2318 1576 2369 quodlicet
1586 2318 1734 2356 dominus
1742 2319 1917 2360 nonhabet

1114 2367 1346 2406 viunisi-uastum
1373 2369 1406 2403 in
1418 2367 1504 2418 spem
1517 2393 1526 2407 ‚
1549 2367 1599 2403 seu
1616 2379 1652 2404 vt
1663 2380 1781 2405 vocant
1797 2369 1918 2407 forma-

1114 2417 1197 2462 lem3
1218 2422 1294 2469 quia
1304 2417 1417 2454 scilicet
1435 2415 1536 2453 forma
1550 2417 1614 2465 eius
1634 2416 1679 2453 est
1697 2416 1917 2468 &proprietate

1114 2466 1263 2504 diffinita
1290 2481 1298 2498 ε
1327 2466 1402 2502 ideo
1423 2464 1514 2515 quod
1529 2479 1577 2501 res
1594 2465 1646 2501 sua
1662 2465 1781 2501 nemini
1801 2468 1915 2505 seruire

1113 2515 1239 2566 potest,
1254 2511 1448 2551 vsusfruftus
1456 2525 1562 2550 autem
1570 2512 1699 2550 seruitus
1716 2513 1782 2553 est:
1806 2525 1914 2553 tamen

1112 2562 1343 2600 vsumfrrfium
1352 2565 1387 2599 in
1408 2561 1578 2598 substantia
1594 2560 1722 2599 suorum
1732 2561 1912 2613 bonorum,

1113 2611 1344 2649 vsumfruQm
1372 2612 1526 2662 (inquam
1538 2615 1551 2652 )
1563 2624 1662 2660 quem
1677 2623 1799 2648 vocant
1806 2612 1914 2649 casua-

1112 2659 1176 2696 lem
1186 2691 1199 2709 ,
1224 2663 1326 2706 angel.
1333 2662 1441 2697 d.1oco.
1451 2667 1480 2696 ὄι
1491 2658 1579 2707 large
1587 2659 1638 2696 vel
1647 2659 1823 2712 improprie
1831 2674 1916 2699 acce-

1133 2721 1205 2746 tum
1218 2739 1230 2757 ‚
1254 2722 1315 2759 pro
1322 2707 1498 2745 commodo
1507 2732 1520 2750 ,
1537 2708 1672 2744 vtilitate
1684 2715 1714 2744 ἀ
1725 2711 1914 2747 οῐηιιίειῃο-

1128 2770 1260 2795 umento
1270 2758 1313 2794 rei
1327 2783 1337 2801 ,
1361 2770 1434 2807 quae
1457 2755 1509 2792 vel
1518 2755 1609 2805 quod
1627 2756 1713 2807 apud
1730 2768 1914 2798 extraneum

1114 2805 1380 2843 vsufruc'tuarium
1402 2804 1488 2842 esset.
1513 2803 1564 2841 Sic
1574 2811 1604 2840 &
1613 2805 1761 2842 dominus
1775 2821 1845 2843 non
1856 2807 1915 2843 ha-

1111 2855 1167 2892 bet
1178 2857 1211 2892 in
1221 2854 1318 2906 specie
1328 2855 1374 2890 ius
1384 2852 1502 2902 agmidi
1515 2881 1528 2899 ‚
1563 2858 1595 2888 &
1606 2866 1724 2902 aquam
1734 2855 1871 2894 ducendi
1879 2858 1913 2892 in

1112 2918 1147 2941 re
1162 2904 1214 2940 sua
1239 2920 1248 2943 ς
1298 2902 1349 2939 uia
1360 2902 1408 2938 hae
1420 2900 1489 2938 sunt
1498 2899 1661 2937 seruitutes
1670 2932 1683 2949 ,
1699 2916 1771 2950 quae
1806 2904 1911 2951 roprie

1112 2950 1270 2989 debentur
1284 2965 1302 2987 a
1313 2949 1404 2987 rebus
1411 2950 1520 2986 alienis
1530 2978 1543 2997 ,
1568 2948 1619 2987 sed
1628 2960 1735 2987 tamen
1744 2917 1913 2989 nibilomi-

1099 3014 1172 3049 ‘nus
1194 2999 1291 3037 habet
1298 2999 1362 3036 hoc
1381 2998 1427 3034 ius
1439 3000 1473 3035 in
1491 2997 1695 3035 vniuerfitate
1707 3000 1835 3036 suorum
1850 2999 1914 3037 bo-

1112 3062 1242 3086 norum.
1261 3047 1375 3084 Tertic}
1387 3061 1454 3084 non
1464 3046 1571 3084 obstat
1582 3075 1593 3093 ‚
1613 3047 1706 3097 quod
1715 3060 1752 3084 cx
1764 3047 1912 3102 leiano

1112 3098 1285 3145 obijcitur,
1309 3109 1348 3132 ex
1356 3109 1396 3132 eo
1411 3095 1503 3144 quod
1515 3093 1681 3132 voluntate
1692 3094 1843 3134 debitoris
1855 3096 1915 3134 do-

1109 3147 1246 3182 minium
1257 3145 1277 3182 ἓι
1290 3144 1447 3181 creditore
1465 3141 1623 3181 transferri
1636 3143 1826 3194 intelligitur
1834 3173 1847 3191 .,
1861 3145 1913 3181 ni-

1108 3193 1222 3242 hilque
1232 3192 1377 3230 interesse
1387 3193 1486 3229 Gaius
1494 3192 1538 3228 ait
1545 3215 1555 3233 ,
1566 3193 1588 3226 l.
1603 3204 1660 3235 qua
1669 3203 1725 3228 rat.
1740 3203 1770 3233 §-
1780 3195 1862 3228 nihil.
1868 3191 1909 3239 ff.

1107 3247 1141 3278 de
1152 3247 1261 3288 acquir.
1279 3253 1338 3280 rer.
1347 3243 1420 3277 dam.
1451 3252 1560 3279 vti-um
1579 3239 1644 3290 ipse
1657 3239 1809 3278 dominus
1825 3239 1917 3291 perse

1819 3288 1916 3326 alicui
