2052 3562
493 191 552 220 IN
588 192 876 224 MATERIAM

87 253 144 289 nio
156 252 214 301 do,
227 253 298 303 lego
313 268 323 289 t
335 264 389 291 aut
399 253 420 291 fi
431 254 568 294 voluerit
580 257 658 293 illud
671 272 722 296 aut
734 257 813 295 illud
828 259 873 295 fa-
902 261 905 264 ’

84 316 173 342 cere.-
196 305 411 341 conditionale
431 305 513 345 eiiim
529 307 709 345 huiusmodi
733 307 871 357 legatum

85 353 129 390 est
140 377 151 399 ,
163 359 194 391 δι
208 369 274 391 non
298 355 388 392 aliter
397 357 435 392 ad
446 355 580 392 haeredes
605 358 708 396 transit
720 383 731 399 ,
741 361 837 406 quam
848 359 871 396 fi

85 404 249 453 legatarius
261 405 396 443 voluerit
410 431 420 450 ‚
432 410 574 456 quamuis
595 407 671 444 alias
682 435 693 454 ,
707 411 796 456 quod
810 408 871 446 fine

83 456 261 492 adiustione
269 481 281 498 ,
292 455 314 491 fi
328 457 416 494 volet
432 482 440 497 ,
452 457 588 506 legatum
599 456 704 504 fuerit,
719 459 756 494 ad
770 461 870 495 heere-

84 503 158 541 dem
168 506 304 555 legatarij
316 507 532 544 transmittitur
542 535 551 551 ,
574 513 620 545 vti
635 509 767 557 superius
777 511 795 544 a
811 524 870 546 no-

13 547 46 584 3’
83 555 133 593 bis
144 555 330 593 declararum
340 558 392 594 esta
404 556 498 593 Aliud
510 561 594 595 enim
603 559 644 594 est
659 560 743 601 iuris,
757 560 779 595 Ιί
789 561 868 609 quid

83 606 176 643 tacite
188 607 384 644 contineatur
396 633 404 648 ,
417 607 500 643 aliud
512 607 534 642 fi
548 609 648 645 verbis
662 612 863 658 exprimatur.

13 656 47 691 4·
86 655 131 702 Lfi
140 658 182 691 ita
193 659 405 704 legatum.§.illi
416 658 444 692 d.
456 658 590 695 utillud
605 658 673 695 [aue
685 659 772 708 quod
784 661 871 696 dixi-

26 746 29 753 ¹
86 719 176 752 mus,
185 708 219 742 in
238 709 365 743 baeredis
374 708 539 744 arbitrium
572 708 704 746 conferri
734 709 870 758 legatum

84 769 150 792 non
161 755 252 805 polle,
267 769 302 792 tu
308 771 345 793 nc
358 769 465 793 verum
476 772 541 794 non
552 761 608 804 est,
620 759 641 795 si
652 761 712 796 hoc
723 763 814 809 pacto
827 760 868 796 fi-

84 804 333 843 deicommissum
353 808 555 857 relinquatur.
575 810 607 845 si
626 810 718 846 haeres
741 812 871 847 aestima-

87 854 204 904 uerit,fi
213 869 384 905 comparati
390 860 432 893 eri
439 869 464 902 t,
474 856 495 893 si
505 860 617 895 iustum
629 863 873 908 putauerit‚tunc

87 909 216 948 enim&
237 906 373 955 legatum
386 914 417 944 δι
445 907 717 947 fideicommissum
741 912 872 947 debebi-

88 968 141 994 tur
150 983 161 1002 ,
170 959 322 1006 quoniam
332 956 415 1006 quasi
429 956 498 994 viro
512 958 600 996 bono
611 961 720 1008 potius
732 963 760 996 ei
783 975 873 998 com-

81 1007 211 1054 ¹milI'um
222 1009 265 1044 est
273 1020 351 1051 ,non
371 1008 402 1043 in
424 1020 538 1044 meram
561 1011 758 1047 voluntatem
779 1010 875 1053 haere-

21 1072 24 1073 ⁷
89 1057 140 1094 dis
150 1057 311 1094 collatum.
328 1059 351 1093 1.
356 1056 385 1103 st
385 1056 428 1103 fic
438 1054 592 1104 legatum'd
605 1064 652 1098 tit.
664 1061 771 1102 Adde,
784 1060 874 1110 quod

89 1106 113 1144 fi
124 1110 151 1143 T
159 1109 222 1146 itiae
233 1107 374 1144 relietum
397 1109 535 1156 legatum
545 1109 581 1148 fit
595 1137 606 1157 ‚
618 1110 639 1147 fi
650 1111 801 1148 arbitratu
814 1111 876 1158 Seij

90 1156 230 1207 nupfiss'et
246 1184 256 1201 ,
273 1162 304 1194 &
319 1160 395 1193 viuo
407 1159 549 1195 testatore
557 1163 645 1197 Seius
655 1160 830 1205 decessisset,
844 1167 876 1197 δέ

89 1222 124 1244 ea
140 1207 448 1256 nupfiffit‚legaturn
471 1210 501 1246 ei
512 1211 619 1248 deberi
631 1211 786 1248 constat.l.
803 1218 877 1247 Tur-

87 1260 138 1307 pia
151 1261 183 1305 §.
192 1273 201 1296 ι
211 1259 401 1301 ¹dillioxgitulo.

274 1355 672 1389 CAPVT1XL11.

246 1455 322 1506 De
336 1473 480 1506 errore
491 1460 537 1506 in
552 1456 721 1526 legatis.

320 1572 692 1604 SVMMARIA.

101 1700 130 1723 i.
142 1692 185 1722 Dc
194 1687 308 1721 nomine
320 1695 377 1720 non
400 1692 519 1720 curatur
532 1707 543 1726 ,
555 1684 633 1718 modo
644 1686 675 1720 de
694 1694 805 1731 corpore
817 1695 886 1719 con-

233 1743 272 1772 et.

102 1795 120 1820 2
127 1733 520 1831 ,Nonilinafignificanddrum
529 1784 674 1818 hominum
679 1786 780 1831 gratia
794 1791 886 1828 reper-

200 1833 324 1880 rasam.

107 1894 136 1928 3.
150 1889 193 1918 De
209 1895 239 1918 re
249 1883 359 1927 quando
377 1880 500 1927 constare
509 1883 628 1918 dicitur.

106 1944 141 1979 4.
155 1933 278 1980 Qando
291 1934 401 1967 dicatur
407 1934 435 1965 iu
446 1941 558 1978 corpore
567 1940 707 1967 erratum.

107 1995 139 2028 5.
157 1987 244 2017 Error
256 1984 428 2027 quantitatis
442 1992 497 2014 non
510 1979 596 2026 obest.

107 2035 142 2068 6.
154 2034 187 2067 Si
199 2034 230 2066 in
235 2030 400 2077 substantia
410 2039 535 2064 erratum
539 2030 592 2077 fit,
601 2030 669 2075 quid
676 2029 762 2063 imis.

107 2096 141 2128 7.
156 2088 242 2117 Error
254 2081 389 2127 quomodo
400 2080 547 2127 probetur.

196 2183 282 2218 Rror
295 2179 472 2220 nominum,
487 2174 896 2227 cognominuni‚pronomi-

196 2243 284 2274 num,
295 2242 393 2278 neque
402 2229 551 2276 regionis,
567 2231 580 2264 1
601 2225 897 2274 patronus.§.libertis

104 2281 143 2328 ff.
155 2283 288 2328 delegat.
305 2292 337 2327 3.
350 2281 383 2314 in
401 2276 546 2327 scriptura
556 2275 654 2314 faetus
673 2282 686 2319 (
700 2275 720 2311 fi
735 2274 835 2311 modo
859 2275 898 2308 de

111 2328 342 2381 poffeffionibus
360 2340 412 2364 aut
427 2327 586 2376 mancipijs
609 2327 713 2376 legatis
724 2322 898 2375 caeterisque

112 2380 297 2428 corporibus
321 2392 386 2414 non
399 2379 568 2426 ambigitur
581 2402 591 2422 ‚
602 2378 650 2413 ius
678 2376 770 2424 legati
797 2374 898 2410 minui

115 2444 182 2466 non
193 2428 366 2477 patitur.l.fi
378 2427 658 2464 Fortidianum.c.de
667 2423 800 2473 legae.lfi
810 2426 901 2459 nomi-

115 2491 161 2516 ne.
175 2477 415 2526 c.de1estament.
429 2481 531 2521 Quare
545 2476 565 2512 fi
578 2476 617 2512 fic
630 2476 764 2524 legatum
779 2474 813 2510 iit
825 2499 837 2519 ‚
847 2480 900 2507 Le·

111 2541 152 2577 go
164 2526 298 2565 fundum
311 2525 537 2563 Cornelianum
552 2554 563 2573 ,
580 2527 634 2575 qui
646 2526 728 2575 apud
740 2527 897 2560 Ticinum

117 2577 170 2618 vel
182 2578 330 2616 Rhenum
343 2575 417 2613 situs
427 2578 470 2613 est
487 2583 537 2617 2&
551 2578 584 2613 in
595 2589 661 2625 quo
671 2575 713 2612 est
722 2573 878 2626 oliuctum
890 2596 901 2615 ‚

119 2627 171 2667 vel
185 2630 218 2664 in
230 2640 297 2676 quo
307 2627 350 2662 est
360 2638 435 2662 terra
448 2625 583 2670 acclinis,
594 2626 715 2662 arbores
726 2622 901 2661 fructiferas.

120 2684 182 2715 διε.
196 2677 250 2714 etfi
273 2690 338 2714 non
361 2676 566 2713 Cornelianus
587 2674 637 2712 sed
664 2676 905 2722 Sempronianus

123 2730 152 2766 is
162 2725 278 2764 fundus
289 2726 395 2763 dietus
406 2725 442 2762 sit
451 2752 460 2768 ,
473 2726 577 2762 adhuc
595 2725 771 2761 debebitur.
779 2722 904 2759 Pulchra

124 2779 221 2828 igitur
232 2777 275 2814 est
297 2776 433 2824 Accursij
445 2775 590 2812 sententia
600 2780 631 2811 &
643 2777 765 2824 puriore
787 2770 906 2809 calculo

127 2828 265 2864 notanda
278 2843 288 2862 .·
302 2826 595 2863 Demonstrationes
608 2824 782 2862 confinium
794 2848 804 2864 ,
820 2823 907 2858 adie-

126 2877 244 2927 &aeque
254 2879 295 2913 rei
307 2875 485 2924 qualitatem
498 2901 508 2917 ,
521 2876 616 2924 quam
627 2874 742 2924 propi-ij
768 2871 908 2909 nominis

126 2931 222 2976 magis
235 2925 452 2964 attendendam
468 2925 635 2975 :idemque
647 2925 689 2961 est
697 2950 708 2966 ‚
723 2922 745 2959 fi
757 2923 853 2958 Titio
866 2920 909 2956 le-

124 2978 214 3028 gasset
226 2977 351 3014 testator
361 3003 371 3021 ,
382 2974 454 3011 curn
470 2978 506 3011 iis
518 2988 583 3011 non
594 2976 702 3011 Titius
713 2999 725 3017 ,
743 2971 793 3008 sed
822 2973 909 3007 Seius

128 3039 366 3076 nuncuparetur.
379 3027 520 3061 Nomina
539 3025 624 3061 enirn
635 3020 910 3072 significandorum

86 3101 96 3113 .
130 3076 425 3125 liominumgratia‘(
439 3076 544 3123 inquit
557 3079 637 3124 imp.
651 3072 910 3120 lnfti1.delegat.§.

122 3126 151 3173 fi
161 3128 224 3172 quis
235 3129 266 3161 in
277 3128 421 3169 nomine.)
431 3136 547 3172 reperta
557 3123 707 3171 suntzqui,
719 3121 741 3158 fi
754 3121 818 3156 alio
829 3133 913 3168 quo-

132 3175 209 3212 libet
223 3174 322 3211 modo
345 3174 556 3223 intelligantur
567 3199 579 3217 ‚
603 3172 682 3214 nihil
705 3169 837 3207 interest.
851 3169 913 3205 Sed

131 3224 155 3262 ss
174 3226 206 3262 in
230 3237 357 3273 corpore
381 3235 514 3261 erratum
535 3220 629 3259 fuerit
653 3249 665 3269 ,
682 3218 839 3256 diuersum
860 3216 914 3253 effi:

131 3275 260 3326 leian.
272 3272 402 3313 censuit.
413 3270 540 3322 ἀφῇ-ἀι
552 3274 678 3321 legam.
695 3269 792 3309 Vnde
801 3267 823 3304 fi
833 3269 915 3317 quis.

918 193 1243 227 LEGATORVM.
1648 204 1710 240 ‘711

923 258 997 295 eum
1010 259 1101 296 vellet
1116 257 1229 295 vestem
1241 255 1565 307 legare,supelle6'tilem
1575 258 1712 309 ass'ecrip-

925 307 962 346 fit
975 335 987 355 ,
998 310 1074 346 dum
1084 321 1173 357 purat
1183 333 1195 351 ,
1208 310 1322 344 vestem
1343 308 1549 357 appellatione
1560 309 1710 360 suppelle-

924 360 1006 395 &ilis
1023 357 1440 407 contineri.Pompo.scripfit
1454 359 1566 396 vestem
1579 374 1644 398 non
1655 361 1711 397 de-

925 409 989 445 beri
1003 424 1011 444 :
1028 410 1300 458 quemadmodum
1315 406 1337 444 si
1347 412 1416 457 quis
1428 422 1518 458 putet
1527 412 1593 446 auri
1603 411 1709 460 appel.

925 458 1041 496 latione
1055 484 1067 503 ‚
1087 458 1234 495 eleetrum
1245 459 1294 495 vel
1317 459 1522 497 auricalchum
1543 464 1711 498 continerit

924 511 975 546 vel
986 510 1072 557 quod
1086 509 1127 544 est
1140 507 1261 544 stultius
1271 534 1282 554 ‚
1292 508 1382 543 vestis
1392 511 1596 558 appellatione
1619 513 1714 548 etiam

921 571 1083 608 argentum
1106 559 1273 594 contineri.
1305 561 1425 595 Rerum
1446 562 1533 595 enim
1558 563 1712 598 vocabula

924 608 1134 646 immutabilia
1144 608 1215 643 sunt
1230 633 1240 653 ‚
1261 606 1429 644 hominum
1441 610 1516 644 vero
1536 612 1709 650 mutabilia.

926 661 978 695 De
987 672 1018 694 re
1034 658 1102 695 sane
1112 658 1247 694 constare
1260 669 1336 693 tunc
1347 657 1576 704 diciiniis‚cum
1591 663 1716 699 testator
1746 674 1777 710 3.

923 722 988 745 rem
1001 708 1109 757 ipsam,
1117 709 1258 757 alioquin
1270 708 1456 745 testamento
1465 711 1608 759 expreffit
1621 712 1709 748 suffi-

926 761 1043 795 cienter
1055 775 1064 794 :
1078 760 1229 808 quicquid
1240 760 1325 793 enim
1335 760 1378 794 rei
1398 759 1613 808 demonstratae
1624 763 1714 798 adie-

923 810 1009 846 &um
1020 808 1103 853 fit,id
1115 822 1172 857 pro
1191 807 1412 857 superuacaneo
1423 810 1611 854 habendum,
1622 825 1712 847 com-

925 863 1015 896 muni
1028 866 1097 897 lure
1120 858 1340 896 consultorum
1354 858 1475 897 calculo
1495 860 1643 897 decissum
1664 863 1718 908 est,

926 909 1084 957 l.i.infi.ff.
1092 911 1124 945 de
1135 912 1191 945 dot.
1206 912 1361 956 praeleg.vt
1373 933 1383 952 ,
1400 916 1475 956 Lego
1483 907 1617 948 fundum
1634 915 1719 949 Cor·

926 961 1082 996 nelianum
1094 961 1298 995 coniunclum
1314 958 1418 996 fundis
1440 961 1659 1000 luburbaniszfi
1673 965 1715 998 de

927 1010 1031 1047 fundo
1046 1009 1240 1046 Corneliano
1252 1009 1372 1046 constet
1384 1036 1392 1050 ,
1408 1008 1460 1046 sed
1473 1011 1525 1059 alij
1536 1009 1595 1047 fint
1609 1011 1715 1049 confi·

928 1074 980 1097 nes
994 1060 1089 1108 quam
1102 1059 1282 1105 suburbani,
1294 1059 1500 1097 nihilominus
1517 1062 1653 1110 legatum
1664 1063 1723 1098 de·-

929 1112 1054 1147 bebitur
1063 1136 1074 1156 ,
1086 1108 1160 1145 cum
1170 1122 1294 1145 eatenus
1307 1111 1338 1145 in
1350 1109 1530 1148 huiusmodi
1543 1111 1724 1160 dispofitio-

930 1162 1042 1202 nibus,
1053 1160 1087 1196 id
1098 1173 1152 1209 per
1163 1161 1248 1207 quod
1261 1161 1363 1196 :ustum
1377 1160 1486 1203 valeat,
1501 1165 1606 1198 veniat
1621 1174 1724 1199 atten-

919 1212 1081 1248 dendum.
1095 1215 1107 1246 l
1120 1211 1221 1255 quibus
1232 1209 1341 1270 diebus:
1352 1212 1432 1257 §.qui
1444 1214 1565 1247 dotalem
1572 1211 1609 1258 ff
1615 1214 1647 1247 de
1655 1224 1723 1248 con-

933 1265 985 1296 dit.
997 1266 1031 1301 (γ
1046 1259 1191 1305 demonstr.
1220 1267 1248 1295 c
1253 1273 1379 1295 aeterum
1394 1285 1404 1304 ,
1419 1262 1451 1296 in
1475 1274 1606 1308 corpore
1627 1275 1724 1298 errare

937 1323 1033 1358 quem
1046 1322 1163 1345 certum
1184 1310 1227 1345 est
1239 1335 1249 1354 ‚
1263 1308 1284 1345 fi
1295 1324 1351 1358 pro
1362 1309 1473 1346 Sticho
1487 1337 1496 1354 ‚
1514 1323 1608 1360 quem
1627 1311 1726 1360 legare
1748 1307 1783 1345 4·

934 1359 1253 1407 voluit,Pampliilu1¹n
1269 1361 1416 1408 legat,aut
1430 1372 1486 1408 pro
1497 1374 1580 1409 equo
1592 1361 1725 1399 mulum.

936 1415 974 1447 In
985 1411 1158 1458 quantitate
1170 1422 1298 1457 quoque
1305 1409 1604 1458 errrorem‚legatum
1618 1410 1727 1447 infrin-
1751 1433 1784 1470 5·

936 1472 1006 1509 gere
1020 1475 1083 1496 non
1094 1458 1175 1508 posse
1186 1460 1338 1495 creditum
1352 1459 1404 1495 est.
1426 1463 1508 1495 Nam
1523 1463 1576 1508 qui
1586 1474 1730 1509 quartam

936 1523 1053 1558 partem
1077 1511 1236 1546 bonorum
1265 1510 1363 1557 legare
1387 1511 1509 1552 voluit,
1521 1509 1543 1546 fi
1563 1511 1730 1548 dimidiam

936 1559 1034 1608 scripsi
1040 1573 1064 1604 t,
1073 1559 1223 1595 Proculus
1236 1561 1291 1603 ait,
1302 1558 1426 1595 defendi
1443 1559 1524 1607 poffe
1533 1573 1672 1609 quartam
1684 1562 1729 1597 le-

938 1623 1040 1659 gatam
1052 1637 1064 1653 ‚
1076 1611 1148 1658 quia
1163 1608 1265 1645 inesset
1277 1611 1417 1645 dimidiae
1430 1625 1439 1644 ι
1454 1610 1516 1647 Sed
1529 1616 1560 1646 &
1575 1610 1596 1646 fi
1607 1611 1676 1660 plus
1686 1611 1731 1647 le-

936 1673 1044 1708 gatum
1059 1659 1171 1699 voluit,
1188 1664 1218 1694 δι
1235 1660 1337 1695 minus
1352 1657 1466 1706 scripfit
1477 1685 1488 1703 ,
1503 1661 1622 1697 valebit
1634 1661 1717 1709 lega·

939 1722 1018 1746 tum.
1033 1712 1120 1745 Leum
1131 1711 1178 1754 qui
1193 1719 1337 1754 quartam.
1342 1707 1376 1754 ff
1391 1709 1424 1743 de
1436 1711 1527 1756 legat.
1547 1724 1575 1746 i.
1590 1714 1641 1746 Sic
1655 1710 1728 1746 licet

939 1759 1143 1796 conditiones
1152 1760 1277 1794 aditc'tae
1289 1757 1548 1806 dispositionibus
1561 1785 1572 1804 ,
1582 1762 1614 1796 in
1628 1759 1731 1798 forma

940 1807 1079 1857 specifica
1090 1809 1127 1844 ad
1140 1809 1342 1845 indiuiduum
1356 1807 1523 1857 implendae
1545 1808 1645 1848 fint.l.
1661 1816 1735 1844 Μι-

944 1862 990 1894 uio
998 1858 1040 1905 ff
1053 1861 1086 1893 de
1096 1859 1201 1894 condit.
1215 1861 1251 1897 (φ
1273 1857 1406 1905 aemonst.
1423 1861 1528 1907 Finge,
1537 1858 1625 1896 seruo
1637 1859 1734 1895 relin-

943 1908 1186 1958 quiturlibertas
1203 1934 1213 1951 ,
1227 1905 1249 1942 fi
1269 1908 1374 1943 decem
1390 1908 1550 1946 dederitzis
1568 1909 1668 1946 seruus
1681 1920 1735 1958 per

945 1972 1079 1995 errorem
1090 1958 1142 1994 dat
1159 1971 1208 1992 20.
1222 1971 1259 1993 an
1273 1956 1310 1994 fit
1331 1957 1411 1996 liber
1425 1960 1437 1994 ἓ
1450 1958 1581 1996 liberum
1593 1958 1648 1996 effe
1657 1959 1734 2008 le-

946 2006 1281 2055 decidit.l.3.ffdestat.
1295 2008 1380 2043 diber.
1397 2008 1496 2045 Porro
1507 2008 1528 2045 fi
1542 2011 1649 2045 nonin
1662 2021 1734 2045 cor·
1758 2023 1797 2057 6,

948 2072 1022 2108 pore
1036 2086 1046 2103 ,
1058 2059 1109 2095 sed
1132 2062 1162 2092 in
1175 2056 1336 2095 substantia
1348 2059 1390 2093 rei
1403 2057 1510 2107 legatae
1536 2071 1671 2096 erratum
1684 2057 1734 2100 sit,

948 2122 982 2145 vt
994 2107 1015 2144 si
1035 2108 1160 2144 testator
1184 2108 1299 2155 legauit
1321 2113 1475 2153 aurum,&
1490 2110 1598 2155 voluit
1625 2122 1737 2158 argen-

952 2171 1033 2199 tum,
1043 2159 1118 2207 quid
1131 2157 1249 2193 iurisfit
1261 2156 1338 2192 reete
1358 2159 1519 2205 quaeritur.
1542 2158 1670 2195 &idem
1681 2157 1738 2194 effi

951 2207 1242 2256 leian.tradidit.l
1252 2210 1296 2243 ,in
1313 2209 1520 2244 venditionibus
1532 2211 1569 2245 ad
1573 2208 1663 2255 fin.de
1673 2220 1740 2243 con-

950 2259 1064 2294 trahen.
1081 2267 1168 2303 empt.
1183 2260 1265 2292 Nam
1289 2269 1398 2293 aurum
1411 2263 1443 2293 &
1467 2271 1627 2307 argentum
1641 2270 1741 2294 vnum

951 2308 1078 2357 quidem
1090 2320 1200 2356 corpus
1212 2306 1328 2342 metalli
1339 2306 1408 2342 sunt
1417 2332 1427 2349 ,
1441 2306 1492 2344 sed
1507 2307 1678 2345 substantiae
1689 2307 1742 2343 di-

952 2356 1163 2394 uersae.Nemo
1176 2358 1352 2405 enim‚quin
1369 2355 1492 2394 formali
1517 2356 1741 2406 intrinseeaque

952 2408 1047 2444 ambo
1067 2420 1196 2455 corpora
1216 2407 1453 2454 distinguanrui·
1474 2408 1624 2456 qualitate
1637 2433 1647 2448 ,
1663 2404 1742 2442 τεξὶὲ

953 2457 1090 2494 dubitat.
1115 2458 1178 2493 Sest
1188 2469 1253 2505 quo
1267 2457 1358 2504 paeto
1367 2456 1497 2494 obsecro
1517 2470 1649 2494 errorem
1670 2469 1742 2505 pro-

954 2507 1037 2543 babo
1049 2508 1062 2542 ζ
1076 2507 1156 2543 certe
1176 2520 1228 2555 per
1239 2507 1441 2550 coniceturas,
1453 2508 1542 2556 quod
1552 2512 1654 2545 verius
1663 2506 1739 2543 est.1.
1766 2499 1804 2534 7‘

955 2555 1020 2593 culm
1027 2558 1244 2603 proponebatur.
1247 2556 1315 2603 ffde
1327 2559 1413 2602 legat.
1420 2570 1436 2591 2
1444 2584 1454 2593 .

1213 2652 1242 2684 C
1257 2653 1318 2685 ΑΡ
1342 2652 1476 2685 XL111.

1006 2765 1009 2768 -
1033 2733 1109 2784 De
1122 2738 1291 2782 incerto
1307 2740 1350 2782 &
1363 2731 1673 2802 dubiolegato,

1150 2856 1516 2888 SVMMARIA.

967 2985 989 3007 1.
1007 2977 1043 3006 In
1057 2972 1146 3015 dubiis
1158 2995 1168 3014 ‚
1178 2967 1261 3014 causa
1276 2969 1441 3017 inspicienffl
1452 2965 1501 3015 est.

968 3037 1000 3058 2.
1016 3028 1052 3055 In
1066 3021 1148 3054 dubio
1162 3045 1173 3064 ,
1185 3019 1333 3053 minimum
1343 3020 1509 3063 accipimus.

972 3087 998 3120 3.
1013 3077 1083 3105 Pars
1095 3072 1190 3104 minor
1199 3071 1243 3102 ine
1323 3069 1388 3101 ἐστὶ.

969 3137 1003 3168 4.
1013 3127 1096 3154 Mens
1104 3116 1247 3165 testatoris
1261 3115 1442 3151 attendenda.
1458 3115 1466 3132 ⁸

974 3182 1006 3216 5.
1021 3175 1066 3205 Ex
1089 3169 1196 3202 duobus
1217 3164 1402 3199 morientibus
1427 3163 1520 3198 eodem
1541 3168 1684 3205 tempore,
1695 3167 1756 3195 oter

1090 3218 1168 3261 prior
1178 3222 1309 3248 mortuus
1322 3212 1478 3258 censeatur.

971 3271 1004 3304 6.
1020 3273 1131 3301 Nomen
1142 3265 1277 3312 legararff
1282 3260 1304 3305 li
1310 3260 1343 3308 fit
1353 3259 1512 3309 affcriptum
1522 3283 1534 3305 ,
1546 3257 1611 3307 quid
1622 3258 1707 3294 iuris.

1253 3315 1290 3347 Ο
1303 3323 1324 3346 o
1333 3323 1354 3345 o
1370 3324 1388 3347 2
1649 3319 1681 3351 7.
1698 3312 1755 3340 Rae-
