2052 3562
320 278 444 304 tantum
456 290 467 309 ,
478 263 558 311 Lfilio
569 266 649 307 quem
660 255 692 293 in
698 259 793 305 princ.
811 259 841 292 in
854 254 933 291 verb.
945 263 980 288 ne
990 251 1117 298 imagine

321 322 443 352 uagum,
461 313 526 360 ᾖα,
557 315 639 348 uber,
664 310 701 348 &⁰
720 305 888 356 posthumis.
910 315 1007 353 quem
1029 310 1111 337 text.

288 378 290 380 ’
321 365 432 402 adhoc
451 360 600 411 expendit
622 359 756 395 Alexan.
768 358 807 392 ad
827 357 850 392 l.
860 356 1025 401 adoptiuum
1033 350 1070 398 ff.
1082 351 1115 385 de

323 418 410 451 {nius
419 425 519 450 vocari.
532 424 572 447 ex
581 423 621 446 eo
632 409 675 446 ibi
695 407 807 444 itidem
819 417 909 442 notat
918 400 1115 440 Socimmul·

324 465 427 512 tisque
460 463 527 510 alils
544 461 586 497 ad
605 458 882 496 confirmationem
901 453 986 491 illius
1014 450 1115 487 addu-

272 547 280 557 ‚
324 514 381 550 ἃίς
390 512 502 562 probat
524 512 557 547 in
570 505 861 556 nulladispofitione
877 504 897 524 '⁶
927 503 1114 552 adoptiuum

324 562 428 600 filiurn
440 588 451 608 ,
471 561 679 612 appellatione
701 555 759 604 filij
781 555 937 593 contineri
958 579 970 599 ,
990 552 1067 589 sicut
1079 555 1113 586 &

324 613 391 651 Bal.
413 625 541 662 quoque
560 610 638 659 conf.
653 622 706 657 24.
721 607 832 656 statuto
852 607 988 643 ciuitatis.
1015 603 1069 640 lib.
1083 612 1113 636 1.

324 664 459 699 affirmat
489 661 600 698 statum
622 659 756 708 loquens
788 658 829 693 de
849 656 924 703 filijs
952 662 1114 702 nunquam

323 712 459 761 intelligi
481 711 521 748 de
540 712 701 760 adoptiuis
723 734 735 753 ,
760 706 899 757 ideoque
924 706 1035 742 statuta
1055 714 1111 738 au-

322 764 427 812 gentia
456 762 629 811 legitimam
651 758 790 796 filiorum
804 785 814 802 ‚
828 771 893 794 non
910 753 1115 804 comprehen-

324 814 407 849 dunt
420 811 521 848 filiurn
551 811 738 859 adoptiuum
753 808 837 855 gloff.
848 809 879 842 in
890 809 923 854 ξ.
942 821 970 844 ι.
989 808 1020 840 in
1033 805 1111 840 verb.

323 867 407 909 quale
426 866 458 898 in
473 863 563 897 Auth.
577 862 609 896 de
629 859 776 897 haee&
798 861 875 893 Falc.
892 858 929 896 &¹
951 858 1021 902 in§.
1042 869 1070 891 1.
1083 859 1114 893 in

323 913 469 950 verbam
488 911 632 958 obseruari.
654 912 776 945 Amhen.
791 909 824 942 de
841 908 928 941 trien.
954 908 992 944 ἀν
1012 904 1106 954 semis,

323 964 371 998 Et
395 975 459 998 non
480 972 605 996 tantum
625 961 659 993 in
690 958 808 994 statutis
826 970 891 991 non
911 957 1114 992 continentur

322 1010 488 1060 adoptiui,
503 1008 553 1044 sed
575 1020 674 1057 neque
683 1008 716 1042 in
745 1005 938 1042 concessione
960 1004 1114 1050 feudi,in

322 1073 383 1109 qua
403 1062 570 1096 liberorum
596 1058 633 1094 fit
656 1059 788 1092 mentio.
814 1065 879 1100 cap.
902 1055 1114 1100 adamnan&

323 1112 363 1147 ibi
372 1112 455 1146 Doti.
467 1111 514 1144 tit.
528 1107 719 1157 defeudfuer.
729 1107 953 1141 controuejnm
963 1104 1049 1146 dm&
1059 1117 1116 1153 ag-

324 1170 373 1195 na.
396 1160 485 1208 περὶ.
505 1172 605 1206 neque
633 1158 666 1191 in
684 1156 876 1192 conceffione
895 1155 1117 1204 emphyteufis,

325 1207 390 1256 teste
410 1217 489 1256 spec.
504 1210 535 1243 in
549 1209 596 1244 tit.
621 1207 655 1241 de
669 1208 754 1242 locat.
767 1207 803 1244 ό·
815 1206 963 1251 conduc.§.
974 1217 1049 1241 nunc
1058 1207 1116 1241 ali-

325 1259 464 1307 quavers.
475 1261 529 1294 68.
554 1258 699 1293 Demadi.
718 1256 902 1302 generaliter*
927 1256 1008 1290 c.de
1024 1253 1114 1302 instit.

326 1312 362 1347 (5
372 1308 456 1356 fubst.
483 1317 581 1354 neque
601 1309 634 1342 in
652 1317 842 1353 quocunque
863 1304 1039 1353 priuilegio.
1048 1314 1117 1350 pro-

326 1367 359 1392 ut
369 1361 425 1393 hae'c
437 1360 470 1397 dy
495 1359 554 1393 alia
565 1359 655 1391 multa
665 1357 702 1390 ad
713 1359 734 1391 l.
742 1353 770 1401 fi
780 1365 903 1400 mquam
914 1357 952 1390 ad
962 1354 1039 1390 verb.
1051 1352 1114 1401 sus-

326 1408 540 1454 ceperzsliberos
554 1414 591 1441 C.
604 1408 636 1440 de
647 1414 778 1441 reuocan.
805 1405 904 1440 donat.
921 1404 1008 1452 refert
1017 1406 1115 1450 Τίνας.

327 1457 416 1506 quod
439 1454 461 1492 fi
483 1469 589 1492 verum
614 1452 656 1491 est
676 1476 688 1501 9
711 1455 821 1502 vtique
844 1453 1116 1499 consuetudo,ex

327 1520 388 1556 qua
421 1506 596 1543 deriuatum
616 1505 658 1540 est
671 1531 682 1549 ,
702 1504 789 1553 quod
813 1504 992 1539 extantibus
1012 1503 1116 1538 liberis

329 1556 522 1593 naturalibus
552 1554 700 1604 legitimis
738 1565 818 1590 vxor
849 1566 914 1589 non
946 1553 1037 1590 habet
1059 1552 1117 1589 nisi

330 1606 478 1642 alimenta
497 1631 508 1650 ,
525 1606 565 1641 ad
594 1604 764 1651 adoptiuos
798 1602 893 1647 trahi-
914 1615 978 1640 non
1001 1602 1116 1645 debet,

329 1654 403 1691 cum
430 1655 448 1689 ὲ
472 1656 537 1690 iure
558 1652 721 1688 communi
750 1652 934 1695 exorbitet,
958 1657 991 1688 &
1015 1652 1116 1689 stricte

328 1704 521 1752 interpretari
543 1702 653 1739 debeat
666 1709 750 1746 ,ιαμ
773 1712 831 1747 qua
854 1699 873 1734 ἂ
892 1704 954 1736 iure
975 1703 1007 1736 de
1028 1705 1116 1749 regul.

328 1757 418 1792 funin
431 1758 464 1790 6.
491 1754 596 1801 Magis
616 1763 720 1787 autem
742 1750 773 1785 id
796 1763 835 1785 ex
854 1762 893 1784 eo
914 1751 1039 1787 stabiliri
1060 1764 1118 1799 po-

327 1801 506 1852 test,quc¹›d
518 1803 588 1838 licet
601 1804 631 1836 in
657 1804 676 1836 l.
699 1811 762 1836 cum
771 1811 854 1844 auus.
864 1800 895 1847 ff.
907 1802 940 1836 de
961 1803 1064 1837 condit.
1080 1802 1118 1839 ὼ

327 1851 510 1899 demonstrat.
523 1854 557 1892 ά
574 1863 603 1887 tn
612 1851 703 1886 [siim
715 1848 874 1894 acutissimi.
886 1857 924 1888 c,
940 1851 1117 1898 defide'tcom.

328 1906 480 1940 statutum
502 1902 560 1945 fit,
582 1912 712 1937 omnem
744 1900 973 1942 instxtutionem
1007 1900 1119 1937 fastam

329 1953 369 1990 de
388 1966 534 1990 extraneo
556 1948 759 2034 intelligimi?
777 1948 902 1986 testator
923 1949 983 2000 ipse
1006 1951 1120 1986 liberos

331 2004 513 2051 reliquerit,
537 2016 602 2038 non
617 2012 721 2036 tamen
754 1999 928 2047 ntelligitur
956 2001 996 2036 de
1016 2001 1120 2037 liberis

328 2053 503 2100 adoptiuis‚
515 2063 548 2088 νε
559 2061 621 2088 not.
635 2057 708 2098 Cyn.
719 2051 782 2085 Alb.
797 2053 899 2096 Angel.
913 2058 1000 2087 Com.
1024 2054 1059 2090 ἐν
1071 2052 1120 2095 aiij

331 2104 391 2139 adl
409 2104 638 2149 generaliter.§.
655 2112 718 2136 cum
730 2109 839 2136 autem.
861 2107 897 2137 C.
922 2103 955 2135 de
970 2099 1059 2149 instit.
1083 2104 1119 2139 (φ’

329 2152 443 2202 substit.
465 2151 622 2187 Naturalis
645 2162 772 2200 quoque
802 2152 931 2197 aequitas
951 2151 1012 2187 huc
1035 2163 1122 2186 acce-

332 2204 383 2239 dst
396 2228 407 2243 .
420 2201 494 2237 ideo
505 2201 593 2250 quod
618 2201 719 2237 maior
731 2199 774 2236 est
798 2201 879 2236 ratio
892 2226 902 2242 ‚
916 2213 970 2237 cur
991 2212 1120 2249 propter

335 2251 452 2287 liberos
470 2265 609 2301 proprios
619 2278 629 2295 ‚
641 2250 798 2298 legitimos
812 2255 843 2285 &
865 2250 1014 2289 naturales
1026 2263 1120 2299 quam

335 2302 504 2349 adoptiuos
519 2301 636 2350 aliquid
650 2301 858 2350 permittatur.

388 2357 424 2387 ln
456 2353 642 2388 conii-ilium
671 2363 775 2386 tamen
804 2348 900 2385 facere
929 2347 1089 2385 videbitur
1110 2375 1123 2393 ,

282 2426 293 2446 ‚-
337 2402 423 2449 quod
435 2403 453 2422 *
476 2400 676 2450 subrogatum
716 2398 852 2448 sequitur
885 2410 1024 2435 naturam
1056 2401 1122 2435 eius

339 2452 372 2486 in
385 2450 589 2487 cuiuslocum
601 2449 784 2496 subrogatur
798 2453 835 2485 εἰ.
855 2460 917 2483 eum
936 2451 985 2494 qui
1003 2450 1124 2484 iniuria-

339 2512 413 2536 rum.
423 2498 454 2545 ff
466 2499 567 2547 fiquis
587 2511 661 2535 eum.
684 2501 786 2546 Atqui
809 2500 945 2534 extranei
981 2498 1123 2547 adoptati

337 2548 410 2586 licet
421 2550 509 2586 liberi
520 2564 586 2586 non
605 2548 728 2593 fint,in
742 2547 915 2584 liberorum
939 2560 1043 2584 tamen
1074 2548 1123 2583 lo-

279 2605 283 2609 '
337 2612 411 2635 cum
438 2599 628 2637 assumuntur
650 2611 743 2647 atque
762 2596 974 2640 sufficiuntur,
988 2598 1076 2633 vttib.
1091 2612 1123 2644 7.

339 2659 402 2696 cap.
420 2661 467 2694 ¹9·
493 2659 586 2685 notat.
602 2650 714 2683 Gellius.
740 2650 831 2683 Tum
862 2646 936 2683 vero
954 2649 1044 2696 quod
1064 2647 1123 2697 filij

338 2700 483 2747 adoptiui
514 2699 662 2735 dicuntur
704 2700 799 2733 etiam
828 2694 886 2744 filij
909 2722 920 2737 ,
952 2711 1124 2747 eorumque

339 2748 510 2798 priuilegijs
527 2760 678 2791 vtuntur‚
700 2750 720 2783 Ι.
736 2746 801 2783 ciam
831 2748 1006 2793 adoptiuum.
1031 2755 1068 2785 C.
1092 2751 1126 2785 de

340 2800 463 2836 decurio.
478 2800 528 2835 lib.
545 2811 595 2834 10.
624 2810 717 2844 atque
739 2797 872 2846 proinde
914 2795 1125 2834 haereditatem

341 2849 434 2884 etiam
450 2861 514 2884 non
526 2848 642 2883 aditam
653 2846 865 2884 transmittunt
882 2847 921 2882 ad
940 2846 1021 2883 suos.
1040 2849 1123 2895 gloff,

342 2899 381 2933 ad
389 2900 408 2933 l.
418 2896 519 2944 seruus
527 2899 634 2933 alienus
639 2896 675 2944 ff
694 2897 727 2931 de
737 2898 835 2932 bared.
858 2898 946 2943 instit.
971 2902 1003 2933 &
1025 2898 1126 2934 ascen-

342 2947 582 2995 dentes,atque
602 2959 716 2982 vxores
737 2943 876 2983 defuncti
902 2948 920 2981 ὲ
945 2945 1128 2984 succeffione

343 2997 524 3043 adoptantis
537 2995 721 3033 excludunt.
733 2998 873 3042 Angel.ad
882 2999 914 3043 ξ.
921 2995 971 3042 [ed
981 3009 1014 3031 ea
1025 3001 1128 3034 omnia.

343 3045 436 3091 Jnflic.
448 3047 483 3081 de
490 3048 589 3083 hand.
599 3058 656 3091 qua
670 3047 707 3081 ad
725 3044 817 3092 tmesi.
831 3045 983 3092 Manhefit.
999 3048 1029 3081 in
1042 3051 1127 3083 traci.

342 3096 376 3130 de
382 3095 488 3141 succes.
500 3097 539 3131 ad
556 3095 668 3142 intesta.
681 3098 760 3131 Guil.
775 3096 877 3131 Bened.
888 3097 926 3130 ad
937 3107 1000 3139 cap.
1012 3102 1127 3145 Raynu-

345 3147 412 3179 eius.
425 3146 455 3179 in
466 3147 584 3184 verb&
597 3146 845 3192 vxor.²mm.748.
860 3155 919 3179 ext.
938 3145 971 3180 de
989 3142 1131 3194 astque-

346 3193 438 3227 relam
460 3192 628 3231 inofficiosi
659 3194 833 3231 testamenti
861 3193 986 3230 habent.
1009 3197 1043 3241 §0
1066 3193 1132 3230 caim

346 3251 441 3276 autem
453 3240 580 3289 instincte
588 3244 753 3281 hareddibd
760 3243 788 3290 fi
800 3242 934 3290 arrogff.
947 3246 980 3279 de
998 3244 1131 3289 adopt&

773 186 1010 228 versvs
1064 172 1350 225 PE'CKIVS.
1410 192 1438 226 1.
1491 191 1537 226 c.

1166 251 1288 340 pomnivt
1303 257 1348 301 ,1.
1366 258 1484 294 1.t.non
1490 257 1618 302 putauit.
1630 258 1662 306 ff
1679 257 1784 296 de’bon.
1796 261 1965 309 poffcffcon·

1168 312 1217 340 tra
1230 314 1261 339 ta
1281 331 1292 341 .

1225 351 1316 394 Quid
1329 352 1465 390 dicimus
1487 355 1610 404 igitur}
1631 359 1720 394 Licet
1749 358 1822 396 sane
1846 372 1891 395 res
1907 359 1963 397 ista

1171 414 1209 437 ex
1223 404 1446 452 praedictorum
1459 407 1688 443 contrariorum
1701 419 1964 456 argumentorum

1166 454 1367 502 repugnantia
1389 453 1484 490 dubia
1506 455 1564 497 sit,
1577 462 1609 492 δι
1634 459 1793 504 difficilis,
1813 461 1961 508 posterior

1166 513 1269 540 tamen
1287 503 1350 539 haec
1359 503 1507 542 sententia
1529 507 1655 543 videtur
1673 509 1727 544 esse
1748 511 1962 555 probabilior,

1166 553 1312 590 videlicet
1328 578 1338 594 ‚
1356 555 1444 603 quod
1467 559 1644 594 extantibus
1674 557 1778 594 liberis
1799 561 1960 610 adoptiuis

1166 615 1248 640 vxor
1260 603 1363 640 relicta
1372 603 1504 642 domina
1516 611 1548 642 &
1572 606 1791 645 vsufrutftuaria
1812 609 1959 648 alimenta

1166 664 1290 690 tantum
1302 652 1508 702 consequatur
1542 660 1628 694 Nam
1639 656 1713 695 clim
1725 659 1856 696 maritus
1870 662 1961 698 testa-

1166 714 1216 739 tor
1226 702 1330 740 liberis
1345 715 1447 740 carens
1460 719 1587 755 paterno
1597 707 1705 744 affeetu
1717 708 1749 744 in
1757 708 1860 747 filiurn
1869 710 1957 748 suum

1165 752 1299 802 aliquem
1309 752 1504 802 adoptauerit
1516 768 1608 806 atque
1620 758 1819 808 adsumpserit
1828 786 1840 805 ‚
1849 765 1957 799 omni-

1166 802 1282 854 busque
1302 805 1422 852 agnatis
1448 810 1478 841 &
1500 810 1642 856 cognatis
1662 808 1724 844 hoc
1748 810 1852 846 modo
1876 825 1956 860 prae-

1165 853 1570 906 tulerit,vtiq;praesumptio
1583 860 1708 901 amoris,
1721 862 1777 907 qui
1792 872 1867 897 vero
1876 864 1956 912 patri

1165 903 1209 941 est
1217 918 1287 954 erga
1299 904 1320 939 li
1325 905 1460 945 beros‚&
1476 906 1594 944 causam
1604 907 1694 945 dedit
1701 909 1855 957 praedictae
1876 925 1957 951 con-

1164 953 1334 998 suetudini,
1347 955 1380 991 in
1401 953 1505 992 filium
1516 958 1609 994 talem
1621 959 1808 1008 adoptiuum
1829 961 1957 1000 videtur

1165 1002 1220 1040 esse
1234 1003 1373 1042 transsata
1385 1029 1393 1045 2
1404 1017 1471 1054 quo
1480 1005 1520 1043 fic
1531 1007 1689 1046 honestius
1701 1010 1955 1065 splendidiusque

1165 1056 1267 1100 vitiat,
1279 1054 1394 1092 alatur.

1238 1105 1340 1149 Quod
1361 1117 1464 1142 autem
1486 1118 1543 1155 pro
1553 1106 1656 1155 priore
1676 1118 1760 1154 parte
1785 1106 1955 1158 allegatur,

1166 1149 1237 1188 alias
1261 1156 1416 1197 rationes,
1439 1159 1471 1190 &
1499 1156 1701 1206 inspectiones
1731 1156 1828 1194 habet.
1867 1162 1953 1196 Nam

1166 1200 1240 1238 cum
1265 1218 1349 1254 pater
1369 1203 1471 1240 filium
1495 1206 1584 1242 suum
1614 1204 1855 1244 fideicommiffo
1874 1220 1952 1258 gru-

1166 1264 1219 1289 uat
1241 1277 1253 1297 ,
1275 1255 1326 1292 lex
1361 1254 1493 1302 benigna
1524 1257 1775 1305 interpretatione
1807 1259 1925 1295 iudicat
1942 1285 1955 1305 ,

1165 1303 1254 1351 quod
1269 1316 1414 1355 nepotem
1424 1316 1478 1342 aut
1498 1319 1623 1355 neptem
1646 1319 1684 1341 ex
1695 1305 1764 1342 filio
1782 1320 1884 1345 natam
1896 1322 1953 1345 ex-

1166 1352 1289 1391 cludere
1300 1382 1312 1402 ,
1332 1355 1430 1403 ijsque
1455 1369 1521 1392 non
1544 1356 1692 1406 ingratis,
1711 1370 1776 1392 non
1800 1359 1878 1395 male
1898 1360 1947 1395 vi-

1166 1404 1313 1441 uentibus
1325 1403 1453 1442 exclusis
1462 1431 1474 1451 ‚
1495 1405 1534 1442 ad
1546 1406 1754 1443 haereditatem
1777 1406 1858 1444 suam
1874 1408 1952 1446 alios

1167 1466 1279 1490 vocare
1301 1455 1405 1491 noluit
1418 1456 1561 1502 ‚temetsi
1592 1458 1626 1492 in
1644 1456 1706 1506 ipsa
1734 1456 1953 1496 substitutione

1166 1504 1287 1540 dictum
1303 1518 1367 1541 non
1385 1505 1564 1550 fuerit‚cf1m
1577 1506 1637 1555 ipsa
1648 1509 1836 1555 experientia
1849 1522 1952 1549 rerum

1167 1554 1306 1601 magistra
1317 1554 1450 1598 doceat,
1462 1554 1625 1605 plerosque
1643 1570 1719 1592 auos
1741 1562 1772 1594 &
1792 1562 1874 1596 anias
1886 1573 1953 1595 ma·

1166 1605 1266 1639 iorem
1287 1607 1320 1640 in
1346 1604 1394 1641 his
1416 1602 1608 1643 affe-&tionem
1639 1607 1797 1644 ostendere
1820 1634 1830 1653 ,
1853 1609 1953 1657 quam

1168 1650 1242 1702 filijs
1261 1654 1402 1703 proprijs.
1436 1661 1596 1694 Caeterum
1629 1668 1713 1704 pater
1735 1660 1790 1707 qui
1817 1661 1860 1694 ita
1881 1659 1952 1697 filio

1167 1701 1220 1739 suo
1232 1704 1386 1740 substituit
1412 1704 1508 1741 alium
1530 1732 1542 1751 ‚
1562 1706 1747 1753 adoptatum
1767 1709 1785 1743 ὲ
1810 1707 1878 1744 filio
1896 1711 1955 1747 fiio

1166 1751 1272 1789 filium
1287 1752 1366 1789 forte
1377 1767 1442 1789 non
1465 1755 1592 1791 noscens
1607 1770 1617 1790 .·
1637 1769 1702 1805 quo
1728 1760 1819 1806 pac-io
1842 1760 1953 1796 eadem

1169 1802 1265 1837 animi
1276 1801 1522 1851 propenfionein
1548 1805 1639 1840 istum
1661 1806 1873 1855 adoptiuum,
1894 1822 1954 1859 qua

1170 1854 1203 1887 in
1213 1865 1360 1901 nepotem
1381 1865 1421 1889 ex
1432 1867 1561 1902 corpore
1573 1854 1627 1890 suo
1639 1854 1757 1906 filiique
1779 1861 1822 1895 sui
1834 1873 1956 1896 natura·

1168 1902 1206 1938 lis
1218 1907 1249 1937 &
1262 1903 1396 1950 legitimi
1407 1914 1600 1950 procreatum
1616 1905 1671 1942 effe
1682 1933 1691 1947 ,
1704 1907 1767 1943 dici
1778 1910 1954 1957 poffit‚non

1170 1953 1274 1990 video.
1289 1953 1340 1989 sic
1359 1957 1391 1989 &
1416 1953 1447 1988 in
1459 1955 1653 1991 conceffione
1673 1954 1801 1996 feudi&
1822 1959 1954 2010 emphy-

1170 2001 1274 2045 teufis,
1287 2014 1380 2051 atque
1393 2005 1424 2038 in
1442 2003 1743 2053 priuilegijs‚filium
1767 2009 1954 2058 adoptiuum

1170 2051 1374 2101 appellatione
1385 2051 1552 2090 liberorum
1566 2068 1630 2092 non
1649 2061 1803 2095 contineri
1816 2086 1827 2105 ‚
1840 2060 1894 2095 hac
1905 2073 1957 2097 ra·

1171 2104 1259 2139 tione
1282 2101 1351 2138 fieri
1370 2102 1484 2149 credo,
1506 2105 1595 2153 quod
1616 2104 1777 2146 verisimile
1809 2123 1873 2146 non
1893 2107 1954 2157 fit,

1172 2155 1299 2199 Regem
1323 2150 1385 2188 flue
1401 2154 1575 2201 Principem
1588 2180 1600 2195 ,
1625 2157 1680 2204 qui
1704 2158 1769 2194 haec
1786 2161 1954 2203 concessit,

1170 2202 1210 2237 de
1222 2200 1290 2237 filio
1301 2201 1453 2249 adoptiuo
1466 2216 1604 2252 vnquam
1617 2206 1759 2254 cogitasse
1769 2234 1780 2251 ,
1792 2213 1822 2245 &
1836 2221 1898 2245 tem
1911 2208 1954 2246 li-

1171 2251 1202 2289 ῐὲ
1213 2264 1321 2287 contra
1331 2252 1359 2287 se
1369 2251 1417 2288 vel
1427 2252 1504 2289 alios
1513 2267 1547 2289 ea
1569 2255 1737 2292 concedere
1758 2257 1894 2295 voluisse.
1908 2263 1954 2296 Et

1170 2302 1259 2352 quod
1271 2300 1311 2337 de
1332 2314 1501 2350 augmento
1524 2302 1672 2353 legitimae
1701 2310 1956 2356 proponitur,&

1171 2351 1261 2389 Iason
1269 2349 1548 2400 confi14i.1ib.4.&
1566 2356 1675 2391 Barba.
1690 2359 1729 2391 ad
1737 2359 1817 2406 d.cap
1842 2366 1957 2407 Raynu-

1171 2404 1261 2438 tius&
1273 2404 1397 2448 Cym&
1411 2400 1588 2439 Albetic.ad
1596 2405 1614 2440 d
1628 2407 1650 2441 l.
1657 2405 1684 2453 fi
1694 2419 1856 2454 ⁴irrogator.
1869 2413 1906 2448 (γ’
1916 2410 1955 2445 ad

1171 2456 1216 2487 lC
1229 2452 1261 2486 de
1270 2451 1402 2496 adopt&
1417 2451 1469 2499 alij
1480 2451 1619 2502 plerique
1636 2455 1695 2493 late
1715 2458 1955 2506 improbarunt,

1174 2514 1230 2536 nec
1244 2514 1303 2549 ego
1313 2500 1378 2538 vllo
1390 2502 1492 2540 modo
1502 2515 1573 2539 cum
1587 2505 1687 2542 Castr.
1699 2509 1739 2543 ibi
1750 2533 1761 2553 ,
1772 2521 1880 2545 verum
1900 2508 1956 2544 effe

1175 2550 1332 2586 existimo.

1220 2600 1274 2635 Ad
1287 2614 1421 2649 parentes
1432 2607 1464 2639 δε
1476 2600 1670 2638 ascendentes
1686 2606 1793 2644 venio.
1817 2609 1861 2643 Et
1882 2619 1958 2644 cum

1173 2651 1320 2699 praedicta
1339 2652 1535 2689 consuetudo
1554 2650 1677 2700 Bulgari
1691 2658 1706 2697 (
1721 2655 1760 2691 de
1771 2669 1832 2704 qua
1852 2655 1954 2694 haste-

1176 2699 1233 2737 ni'is
1243 2699 1362 2737 dictum
1375 2701 1435 2739 fuit
1449 2703 1491 2746 )?a
1512 2704 1577 2739 iure
1599 2707 1762 2741 communi
1779 2706 1958 2753 exorbitet,

1175 2763 1210 2788 vt
1225 2741 1363 2787 dixilnus
1377 2757 1427 2797 ,δι
1439 2756 1472 2788 in
1483 2764 1630 2789 extraneo
1652 2754 1836 2800 intellectu(
1848 2767 1883 2793 vt
1903 2757 1956 2804 alij

1175 2801 1287 2838 dicunt
1299 2806 1315 2844 )
1334 2803 1475 2850 proceffit
1485 2827 1497 2845 ,
1509 2803 1617 2850 vtique
1628 2803 1668 2839 ad
1689 2804 1830 2852 personas
1842 2805 1957 2842 libero-

1179 2862 1248 2886 rum
1270 2852 1418 2889 coar&ari
1438 2865 1531 2901 atque
1540 2852 1677 2901 restringi
1698 2856 1806 2900 potius
1831 2880 1842 2899 ,
1859 2856 1958 2904 quam

1180 2899 1217 2935 ad
1229 2900 1369 2948 personas
1394 2913 1556 2949 parentum
1579 2901 1771 2950 superstitum
1797 2928 1808 2948 ,
1828 2903 1866 2939 de
1884 2907 1956 2954 qui-

1178 2950 1236 2986 bus
1246 2964 1311 2986 non
1334 2950 1643 3000 loquitur-‚ampliari
1663 2954 1777 2991 debere
1797 2953 1920 2992 videtur
1947 2972 1969 2992 :v

1179 2996 1255 3037 ficut
1274 3000 1336 3035 hoc
1355 3013 1484 3050 quoque
1504 3001 1629 3049 vulgare
1650 3003 1693 3040 est
1712 3029 1723 3048 ,
1746 3002 1832 3051 quod
1853 3017 1962 3041 exem-

1180 3062 1232 3098 pta
1253 3044 1475 3088 consuetudine
1497 3063 1597 3098 neque
1618 3052 1657 3088 acl
1680 3052 1755 3089 alios
1779 3054 1858 3090 casus
1905 3068 1959 3090 ne-

1180 3111 1239 3147 que
1265 3098 1305 3134 ad
1334 3100 1391 3136 alia
1425 3100 1571 3138 trahenda
1613 3100 1683 3139 sunt
1701 3129 1711 3147 ,
1731 3102 1824 3138 eti-am
1859 3101 1881 3139 ss
1911 3117 1963 3153 par

1181 3149 1262 3185 ratio
1294 3148 1512 3187 introducendi
1569 3162 1635 3185 eam
1660 3175 1671 3193 ,
1709 3152 1740 3186 in
1776 3152 1812 3187 ali
1818 3151 1841 3199 js
1871 3166 1964 3201 appa-

1183 3211 1247 3234 rere
1277 3198 1372 3245 pollet
1394 3227 1405 3245 ‚
1427 3204 1450 3237 l.
1463 3201 1491 3246 fi
1522 3199 1595 3236 ver).
1629 3202 1661 3246 ᾧ.
1687 3201 1719 3234 de
1735 3202 1807 3238 viro.
1824 3200 1965 3250 ff·s⁰1¹⁴'·

1185 3248 1312 3283 matrim.
1331 3252 1351 3287 1.
1376 3251 1449 3296 quod
1468 3250 1532 3285 verb
1542 3248 1578 3295 ff.
1603 3249 1635 3283 de
1651 3251 1733 3296 legib.
1748 3254 1831 3288 Dost.
1846 3254 1883 3289 aa
1895 3256 1920 3290 l.
1938 3265 1969 3290 i·
2026 3253 2029 3255 ’

348 3288 369 3325 fi
384 3293 529 3339 ptaeteriti
546 3291 633 3340 fiat,
654 3304 763 3330 contra
782 3293 998 3331 testamentum
1030 3294 1134 3330 venire
1187 3304 1224 3333 c.
1252 3295 1280 3342 fi
1306 3301 1407 3337 mulier
1432 3299 1549 3345 secund.
1581 3307 1666 3344 nupt,
1718 3301 1851 3338 Accedit
1883 3299 1971 3349 quod

1870 3363 1973 3387 minus
