<?xml version="1.0" encoding="UTF-8"?>
<!DOCTYPE html PUBLIC "-//W3C//DTD XHTML 1.0 Transitional//EN"
    "http://www.w3.org/TR/xhtml1/DTD/xhtml1-transitional.dtd">
<html xmlns="http://www.w3.org/1999/xhtml" xml:lang="en" lang="en">
 <head>
  <title>
</title>
<meta http-equiv="Content-Type" content="text/html;charset=utf-8" />
  <meta name='ocr-system' content='tesseract 3.04.00' />
  <meta name='ocr-capabilities' content='ocr_page ocr_carea ocr_par ocr_line ocrx_word'/>
</head>
<body>
  <div class='ocr_page' id='page_1' title='image "./clviripetripecki00peck_0601.png"; bbox 0 0 2052 3562; ppageno 0'>
   <div class='ocr_carea' id='block_1_1' title="bbox 361 161 1482 224">
    <p class='ocr_par' dir='ltr' id='par_1_1' title="bbox 361 161 1482 224">
     <span class='ocr_line' id='line_1_1' title="bbox 361 161 1482 224; baseline 0.006 -8"><span class='ocrx_word' id='word_1_1' title='bbox 361 180 441 218; x_wconf 84' lang='lat' dir='ltr'>DE</span> <span class='ocrx_word' id='word_1_2' title='bbox 466 161 936 218; x_wconf 61' lang='lat' dir='ltr'>&#39;TESTAMENris</span> <span class='ocrx_word' id='word_1_3' title='bbox 998 181 1482 224; x_wconf 74' lang='lat' dir='ltr'>coNivG.r.113.m.</span> 
     </span>
    </p>
   </div>
   <div class='ocr_carea' id='block_1_2' title="bbox 60 245 916 2287">
    <p class='ocr_par' dir='ltr' id='par_1_2' title="bbox 114 245 916 895">
     <span class='ocr_line' id='line_1_2' title="bbox 118 245 915 298; baseline -0.003 -14"><span class='ocrx_word' id='word_1_4' title='bbox 118 245 206 285; x_wconf 86' lang='lat' dir='ltr'>stam.</span> <span class='ocrx_word' id='word_1_5' title='bbox 234 245 339 284; x_wconf 89' lang='lat' dir='ltr'>locum</span> <span class='ocrx_word' id='word_1_6' title='bbox 359 262 425 286; x_wconf 84' lang='lat' dir='ltr'>non</span> <span class='ocrx_word' id='word_1_7' title='bbox 449 248 562 286; x_wconf 82' lang='lat' dir='ltr'>habere</span> <span class='ocrx_word' id='word_1_8' title='bbox 585 261 728 298; x_wconf 88' lang='lat' dir='ltr'>tempore</span> <span class='ocrx_word' id='word_1_9' title='bbox 750 246 839 297; x_wconf 86' lang='lat' dir='ltr'>pestis</span> <span class='ocrx_word' id='word_1_10' title='bbox 859 248 915 283; x_wconf 80' lang='lat' dir='ltr'>sae-</span> 
     </span>
     <span class='ocr_line' id='line_1_3' title="bbox 116 298 914 344; baseline 0 -11"><span class='ocrx_word' id='word_1_11' title='bbox 116 298 256 344; x_wconf 87' lang='lat' dir='ltr'>uientis,</span> <span class='ocrx_word' id='word_1_12' title='bbox 280 310 314 335; x_wconf 87' lang='lat' dir='ltr'>vt</span> <span class='ocrx_word' id='word_1_13' title='bbox 325 298 439 336; x_wconf 89' lang='lat' dir='ltr'>scilicet</span> <span class='ocrx_word' id='word_1_14' title='bbox 461 299 562 337; x_wconf 83' lang='lat' dir='ltr'>valeat</span> <span class='ocrx_word' id='word_1_15' title='bbox 581 300 798 336; x_wconf 83' lang='lat' dir='ltr'>testamentum</span> <span class='ocrx_word' id='word_1_16' title='bbox 810 298 849 333; x_wconf 80' lang='lat' dir='ltr'>ab</span> <span class='ocrx_word' id='word_1_17' title='bbox 875 311 914 333; x_wconf 90' lang='lat' dir='ltr'>eo</span> 
     </span>
     <span class='ocr_line' id='line_1_4' title="bbox 116 345 914 396; baseline 0 -14"><span class='ocrx_word' id='word_1_18' title='bbox 116 348 172 396; x_wconf 90' lang='lat' dir='ltr'>qui</span> <span class='ocrx_word' id='word_1_19' title='bbox 196 348 276 395; x_wconf 85' lang='lat' dir='ltr'>peste</span> <span class='ocrx_word' id='word_1_20' title='bbox 289 349 449 386; x_wconf 85' lang='lat' dir='ltr'>tenebatur</span> <span class='ocrx_word' id='word_1_21' title='bbox 468 376 477 394; x_wconf 83' lang='lat'><em>,</em></span> <span class='ocrx_word' id='word_1_22' title='bbox 501 348 641 391; x_wconf 66' lang='lat' dir='ltr'>saetam.</span> <span class='ocrx_word' id='word_1_23' title='bbox 665 345 792 385; x_wconf 82' lang='lat' dir='ltr'>etiamsl</span> <span class='ocrx_word' id='word_1_24' title='bbox 820 347 914 396; x_wconf 73' lang='lat' dir='ltr'>testes</span> 
     </span>
     <span class='ocr_line' id='line_1_5' title="bbox 117 397 916 447; baseline 0.001 -15"><span class='ocrx_word' id='word_1_25' title='bbox 117 400 339 447; x_wconf 79' lang='lat' dir='ltr'>contagionem</span> <span class='ocrx_word' id='word_1_26' title='bbox 372 411 546 436; x_wconf 84' lang='lat' dir='ltr'>metuentes</span> <span class='ocrx_word' id='word_1_27' title='bbox 567 402 600 435; x_wconf 90' lang='lat' dir='ltr'>in</span> <span class='ocrx_word' id='word_1_28' title='bbox 621 397 787 446; x_wconf 66' lang='lat' dir='ltr'>conspeetu</span> <span class='ocrx_word' id='word_1_29' title='bbox 823 397 916 434; x_wconf 81' lang='lat' dir='ltr'>testa-</span> 
     </span>
     <span class='ocr_line' id='line_1_6' title="bbox 117 447 913 498; baseline 0 -15"><span class='ocrx_word' id='word_1_30' title='bbox 117 449 194 483; x_wconf 80' lang='lat' dir='ltr'>toris</span> <span class='ocrx_word' id='word_1_31' title='bbox 217 447 488 495; x_wconf 88' lang='lat' dir='ltr'>nonfuerint‚sed</span> <span class='ocrx_word' id='word_1_32' title='bbox 513 448 614 498; x_wconf 89' lang='lat' dir='ltr'>ipsum</span> <span class='ocrx_word' id='word_1_33' title='bbox 639 447 821 497; x_wconf 88' lang='lat' dir='ltr'>loquentem</span> <span class='ocrx_word' id='word_1_34' title='bbox 842 459 913 483; x_wconf 87' lang='lat' dir='ltr'>tan-</span> 
     </span>
     <span class='ocr_line' id='line_1_7' title="bbox 116 497 915 537; baseline 0 -5"><span class='ocrx_word' id='word_1_35' title='bbox 116 507 185 533; x_wconf 81' lang='lat' dir='ltr'>tum</span> <span class='ocrx_word' id='word_1_36' title='bbox 196 499 385 536; x_wconf 81' lang='lat' dir='ltr'>audiuerint.</span> <span class='ocrx_word' id='word_1_37' title='bbox 403 497 519 537; x_wconf 84' lang='lat' dir='ltr'>Hincfi</span> <span class='ocrx_word' id='word_1_38' title='bbox 540 500 654 536; x_wconf 84' lang='lat' dir='ltr'>statuto</span> <span class='ocrx_word' id='word_1_39' title='bbox 677 510 801 535; x_wconf 86' lang='lat' dir='ltr'>cauetur</span> <span class='ocrx_word' id='word_1_40' title='bbox 824 497 915 533; x_wconf 84' lang='lat' dir='ltr'>testa-</span> 
     </span>
     <span class='ocr_line' id='line_1_8' title="bbox 115 546 913 599; baseline -0.001 -16"><span class='ocrx_word' id='word_1_41' title='bbox 115 559 258 584; x_wconf 87' lang='lat' dir='ltr'>mentum</span> <span class='ocrx_word' id='word_1_42' title='bbox 278 563 341 584; x_wconf 93' lang='lat' dir='ltr'>non</span> <span class='ocrx_word' id='word_1_43' title='bbox 356 550 438 599; x_wconf 75' lang='lat' dir='ltr'>posse</span> <span class='ocrx_word' id='word_1_44' title='bbox 460 548 576 585; x_wconf 85' lang='lat' dir='ltr'>confici</span> <span class='ocrx_word' id='word_1_45' title='bbox 601 546 658 585; x_wconf 82' lang='lat' dir='ltr'>nifi</span> <span class='ocrx_word' id='word_1_46' title='bbox 682 549 827 584; x_wconf 82' lang='lat' dir='ltr'>adhibito</span> <span class='ocrx_word' id='word_1_47' title='bbox 852 561 913 584; x_wconf 90' lang='lat' dir='ltr'>no-</span> 
     </span>
     <span class='ocr_line' id='line_1_9' title="bbox 114 596 913 649; baseline 0 -17"><span class='ocrx_word' id='word_1_48' title='bbox 114 598 194 633; x_wconf 86' lang='lat' dir='ltr'>tario</span> <span class='ocrx_word' id='word_1_49' title='bbox 215 598 249 634; x_wconf 88' lang='lat' dir='ltr'>in</span> <span class='ocrx_word' id='word_1_50' title='bbox 270 601 429 636; x_wconf 79' lang='lat' dir='ltr'>matricula</span> <span class='ocrx_word' id='word_1_51' title='bbox 447 597 602 649; x_wconf 89' lang='lat' dir='ltr'>descripto</span> <span class='ocrx_word' id='word_1_52' title='bbox 624 626 635 646; x_wconf 80' lang='lat'><strong>,</strong></span> <span class='ocrx_word' id='word_1_53' title='bbox 662 610 765 634; x_wconf 86' lang='lat' dir='ltr'>tamen</span> <span class='ocrx_word' id='word_1_54' title='bbox 785 596 808 632; x_wconf 87' lang='lat' dir='ltr'>fi</span> <span class='ocrx_word' id='word_1_55' title='bbox 830 610 913 632; x_wconf 86' lang='lat' dir='ltr'>tem-</span> 
     </span>
     <span class='ocr_line' id='line_1_10' title="bbox 116 648 912 697; baseline -0.003 -13"><span class='ocrx_word' id='word_1_56' title='bbox 116 660 193 697; x_wconf 86' lang='lat' dir='ltr'>pore</span> <span class='ocrx_word' id='word_1_57' title='bbox 215 648 306 696; x_wconf 87' lang='lat' dir='ltr'>pestis</span> <span class='ocrx_word' id='word_1_58' title='bbox 327 650 497 687; x_wconf 25' lang='lat' dir='ltr'>adhibitus(</span> <span class='ocrx_word' id='word_1_59' title='bbox 511 648 548 686; x_wconf 83' lang='lat' dir='ltr'>fit</span> <span class='ocrx_word' id='word_1_60' title='bbox 556 650 635 686; x_wconf 88' lang='lat' dir='ltr'>alius</span> <span class='ocrx_word' id='word_1_61' title='bbox 646 662 711 685; x_wconf 92' lang='lat' dir='ltr'>non</span> <span class='ocrx_word' id='word_1_62' title='bbox 722 649 890 694; x_wconf 89' lang='lat' dir='ltr'>descriptus</span> <span class='ocrx_word' id='word_1_63' title='bbox 901 673 912 693; x_wconf 87' lang='lat'>‚</span> 
     </span>
     <span class='ocr_line' id='line_1_11' title="bbox 117 697 904 746; baseline -0.001 -12"><span class='ocrx_word' id='word_1_64' title='bbox 117 697 234 734; x_wconf 82' lang='lat' dir='ltr'>valebit</span> <span class='ocrx_word' id='word_1_65' title='bbox 254 699 480 737; x_wconf 86' lang='lat' dir='ltr'>testamentum.</span> <span class='ocrx_word' id='word_1_66' title='bbox 492 702 596 746; x_wconf 64' lang='lat' dir='ltr'>angel.</span> <span class='ocrx_word' id='word_1_67' title='bbox 610 701 641 734; x_wconf 86' lang='lat' dir='ltr'>in</span> <span class='ocrx_word' id='word_1_68' title='bbox 652 698 707 745; x_wconf 79' lang='lat' dir='ltr'>Lfi</span> <span class='ocrx_word' id='word_1_69' title='bbox 716 699 904 744; x_wconf 49' lang='lat' dir='ltr'>vacantiass.</span> 
     </span>
     <span class='ocr_line' id='line_1_12' title="bbox 116 748 910 795; baseline 0.001 -13"><span class='ocrx_word' id='word_1_70' title='bbox 116 748 226 783; x_wconf 81' lang='lat' dir='ltr'>debon.</span> <span class='ocrx_word' id='word_1_71' title='bbox 253 752 398 787; x_wconf 74' lang='lat' dir='ltr'>vacantia.</span> <span class='ocrx_word' id='word_1_72' title='bbox 425 750 464 786; x_wconf 74' lang='lat' dir='ltr'>lib</span> <span class='ocrx_word' id='word_1_73' title='bbox 499 762 550 787; x_wconf 85' lang='lat'>10.</span> <span class='ocrx_word' id='word_1_74' title='bbox 574 749 656 795; x_wconf 80' lang='lat' dir='ltr'>Iason</span> <span class='ocrx_word' id='word_1_75' title='bbox 676 748 910 791; x_wconf 56' lang='lat' dir='ltr'>&amp;alqmlmln</span> 
     </span>
     <span class='ocr_line' id='line_1_13' title="bbox 115 794 911 845; baseline -0.004 -12"><span class='ocrx_word' id='word_1_76' title='bbox 115 804 156 835; x_wconf 83' lang='lat' dir='ltr'>c.</span> <span class='ocrx_word' id='word_1_77' title='bbox 171 797 204 832; x_wconf 79' lang='lat' dir='ltr'>de</span> <span class='ocrx_word' id='word_1_78' title='bbox 213 794 323 844; x_wconf 80' lang='lat' dir='ltr'>testam.</span> <span class='ocrx_word' id='word_1_79' title='bbox 336 807 406 835; x_wconf 84' lang='lat' dir='ltr'>Dec.</span> <span class='ocrx_word' id='word_1_80' title='bbox 416 801 445 835; x_wconf 81' lang='lat' dir='ltr'>d.</span> <span class='ocrx_word' id='word_1_81' title='bbox 459 799 535 845; x_wconf 77' lang='lat' dir='ltr'>confi</span> <span class='ocrx_word' id='word_1_82' title='bbox 550 802 628 844; x_wconf 80' lang='lat'><strong>284.</strong></span> <span class='ocrx_word' id='word_1_83' title='bbox 643 802 723 835; x_wconf 81' lang='lat' dir='ltr'>Guil.</span> <span class='ocrx_word' id='word_1_84' title='bbox 735 798 866 833; x_wconf 77' lang='lat' dir='ltr'>Benedic.</span> <span class='ocrx_word' id='word_1_85' title='bbox 880 798 911 830; x_wconf 84' lang='lat' dir='ltr'>in</span> 
     </span>
     <span class='ocr_line' id='line_1_14' title="bbox 115 846 908 895; baseline -0.004 -12"><span class='ocrx_word' id='word_1_86' title='bbox 115 858 160 882; x_wconf 75' lang='lat' dir='ltr'>ca.</span> <span class='ocrx_word' id='word_1_87' title='bbox 177 852 343 893; x_wconf 67' lang='lat' dir='ltr'>Raynutius.</span> <span class='ocrx_word' id='word_1_88' title='bbox 355 851 393 884; x_wconf 83' lang='lat' dir='ltr'>ad</span> <span class='ocrx_word' id='word_1_89' title='bbox 403 847 481 885; x_wconf 73' lang='lat' dir='ltr'>verb.</span> <span class='ocrx_word' id='word_1_90' title='bbox 493 846 703 895; x_wconf 80' lang='lat' dir='ltr'>testamentum.</span> <span class='ocrx_word' id='word_1_91' title='bbox 718 861 748 884; x_wconf 87' lang='lat'>1.</span> <span class='ocrx_word' id='word_1_92' title='bbox 759 857 839 880; x_wconf 88' lang='lat' dir='ltr'>num.</span> <span class='ocrx_word' id='word_1_93' title='bbox 857 857 870 880; x_wconf 79' lang='grc' dir='ltr'>ι</span> <span class='ocrx_word' id='word_1_94' title='bbox 878 859 891 894; x_wconf 86' lang='lat'>5</span> <span class='ocrx_word' id='word_1_95' title='bbox 900 872 908 881; x_wconf 90' lang='lat'>.</span> 
     </span>
    </p>

    <p class='ocr_par' dir='ltr' id='par_1_3' title="bbox 60 893 911 1490">
     <span class='ocr_line' id='line_1_15' title="bbox 114 893 268 942; baseline -0.013 -11"><span class='ocrx_word' id='word_1_96' title='bbox 114 897 148 931; x_wconf 67' lang='lat' dir='ltr'>de</span> <span class='ocrx_word' id='word_1_97' title='bbox 159 893 268 942; x_wconf 78' lang='lat' dir='ltr'>testam.</span> 
     </span>
     <span class='ocr_line' id='line_1_16' title="bbox 64 942 908 997; baseline -0.002 -16"><span class='ocrx_word' id='word_1_98' title='bbox 64 942 68 947; x_wconf 73' lang='grc'><strong>”</strong></span> <span class='ocrx_word' id='word_1_99' title='bbox 159 946 277 993; x_wconf 64' lang='lat' dir='ltr'>,Atque</span> <span class='ocrx_word' id='word_1_100' title='bbox 288 944 458 983; x_wconf 67' lang='lat' dir='ltr'>secundum</span> <span class='ocrx_word' id='word_1_101' title='bbox 476 945 540 982; x_wconf 87' lang='lat' dir='ltr'>haec</span> <span class='ocrx_word' id='word_1_102' title='bbox 559 945 703 997; x_wconf 72' lang='lat' dir='ltr'>proxime</span> <span class='ocrx_word' id='word_1_103' title='bbox 724 946 763 982; x_wconf 85' lang='lat' dir='ltr'>ad</span> <span class='ocrx_word' id='word_1_104' title='bbox 774 943 908 981; x_wconf 85' lang='lat' dir='ltr'>nostram</span> 
     </span>
     <span class='ocr_line' id='line_1_17' title="bbox 114 991 909 1045; baseline 0.003 -17"><span class='ocrx_word' id='word_1_105' title='bbox 114 991 300 1044; x_wconf 71' lang='lat' dir='ltr'>hypothefin</span> <span class='ocrx_word' id='word_1_106' title='bbox 318 993 455 1032; x_wconf 87' lang='lat' dir='ltr'>decisum</span> <span class='ocrx_word' id='word_1_107' title='bbox 476 997 606 1035; x_wconf 87' lang='lat' dir='ltr'>inuenio</span> <span class='ocrx_word' id='word_1_108' title='bbox 628 1023 641 1042; x_wconf 94' lang='lat'>,</span> <span class='ocrx_word' id='word_1_109' title='bbox 667 997 753 1045; x_wconf 89' lang='lat' dir='ltr'>quod</span> <span class='ocrx_word' id='word_1_110' title='bbox 767 993 789 1031; x_wconf 83' lang='lat' dir='ltr'>si</span> <span class='ocrx_word' id='word_1_111' title='bbox 814 996 909 1031; x_wconf 85' lang='lat' dir='ltr'>statu·</span> 
     </span>
     <span class='ocr_line' id='line_1_18' title="bbox 60 1044 911 1094; baseline -0.001 -14"><span class='ocrx_word' id='word_1_112' title='bbox 60 1070 71 1092; x_wconf 86' lang='lat'>.·</span> <span class='ocrx_word' id='word_1_113' title='bbox 114 1055 183 1080; x_wconf 89' lang='lat' dir='ltr'>tum</span> <span class='ocrx_word' id='word_1_114' title='bbox 203 1044 237 1082; x_wconf 84' lang='lat' dir='ltr'>fit</span> <span class='ocrx_word' id='word_1_115' title='bbox 255 1051 277 1075; x_wconf 51' lang='grc' dir='ltr'><strong>ἢ</strong></span> <span class='ocrx_word' id='word_1_116' title='bbox 300 1059 339 1082; x_wconf 84' lang='lat' dir='ltr'>ne</span> <span class='ocrx_word' id='word_1_117' title='bbox 362 1045 474 1082; x_wconf 86' lang='lat' dir='ltr'>mulier</span> <span class='ocrx_word' id='word_1_118' title='bbox 492 1047 587 1094; x_wconf 86' lang='lat' dir='ltr'>poffit</span> <span class='ocrx_word' id='word_1_119' title='bbox 597 1047 695 1086; x_wconf 79' lang='lat' dir='ltr'>testari</span> <span class='ocrx_word' id='word_1_120' title='bbox 706 1045 768 1084; x_wconf 86' lang='lat' dir='ltr'>fine</span> <span class='ocrx_word' id='word_1_121' title='bbox 781 1044 911 1081; x_wconf 89' lang='lat' dir='ltr'>consen-</span> 
     </span>
     <span class='ocr_line' id='line_1_19' title="bbox 112 1094 908 1147; baseline 0.001 -18"><span class='ocrx_word' id='word_1_122' title='bbox 112 1095 147 1130; x_wconf 82' lang='lat' dir='ltr'>1u</span> <span class='ocrx_word' id='word_1_123' title='bbox 168 1094 306 1132; x_wconf 89' lang='lat' dir='ltr'>duorum</span> <span class='ocrx_word' id='word_1_124' title='bbox 340 1097 558 1144; x_wconf 89' lang='lat' dir='ltr'>proximorum</span> <span class='ocrx_word' id='word_1_125' title='bbox 579 1098 878 1146; x_wconf 84' lang='lat' dir='ltr'>consanguineorum</span> <span class='ocrx_word' id='word_1_126' title='bbox 897 1117 908 1147; x_wconf 67' lang='lat'>3</span> 
     </span>
     <span class='ocr_line' id='line_1_20' title="bbox 113 1143 910 1185; baseline 0 -6"><span class='ocrx_word' id='word_1_127' title='bbox 113 1153 219 1181; x_wconf 82' lang='lat' dir='ltr'>tamen</span> <span class='ocrx_word' id='word_1_128' title='bbox 249 1158 314 1182; x_wconf 86' lang='lat' dir='ltr'>non</span> <span class='ocrx_word' id='word_1_129' title='bbox 348 1147 512 1183; x_wconf 83' lang='lat' dir='ltr'>vitiabitur</span> <span class='ocrx_word' id='word_1_130' title='bbox 533 1148 750 1185; x_wconf 88' lang='lat' dir='ltr'>testamentum</span> <span class='ocrx_word' id='word_1_131' title='bbox 787 1143 849 1181; x_wconf 83' lang='lat' dir='ltr'>fine</span> <span class='ocrx_word' id='word_1_132' title='bbox 869 1158 910 1180; x_wconf 91' lang='lat' dir='ltr'>eo</span> 
     </span>
     <span class='ocr_line' id='line_1_21' title="bbox 113 1193 908 1244; baseline -0.001 -15"><span class='ocrx_word' id='word_1_133' title='bbox 113 1193 262 1231; x_wconf 85' lang='lat' dir='ltr'>consensu</span> <span class='ocrx_word' id='word_1_134' title='bbox 287 1195 376 1244; x_wconf 75' lang='lat' dir='ltr'>pestis</span> <span class='ocrx_word' id='word_1_135' title='bbox 396 1209 535 1244; x_wconf 84' lang='lat' dir='ltr'>tempore</span> <span class='ocrx_word' id='word_1_136' title='bbox 552 1199 732 1235; x_wconf 89' lang='lat' dir='ltr'>conditum.</span> <span class='ocrx_word' id='word_1_137' title='bbox 759 1199 859 1242; x_wconf 79' lang='lat' dir='ltr'>Angel.</span> <span class='ocrx_word' id='word_1_138' title='bbox 877 1197 908 1229; x_wconf 83' lang='lat' dir='ltr'>in</span> 
     </span>
     <span class='ocr_line' id='line_1_22' title="bbox 114 1245 905 1295; baseline 0 -18"><span class='ocrx_word' id='word_1_139' title='bbox 114 1246 144 1292; x_wconf 60' lang='grc' dir='ltr'>ς.</span> <span class='ocrx_word' id='word_1_140' title='bbox 151 1247 375 1291; x_wconf 79' lang='lat' dir='ltr'>prouinciarum.</span> <span class='ocrx_word' id='word_1_141' title='bbox 386 1247 511 1282; x_wconf 81' lang='lat' dir='ltr'>Authen.</span> <span class='ocrx_word' id='word_1_142' title='bbox 522 1257 552 1282; x_wconf 77' lang='lat' dir='ltr'>vt</span> <span class='ocrx_word' id='word_1_143' title='bbox 558 1248 620 1295; x_wconf 78' lang='lat' dir='ltr'>fac.</span> <span class='ocrx_word' id='word_1_144' title='bbox 632 1245 905 1292; x_wconf 78' lang='lat' dir='ltr'>n0u.const1&#39;t.corn.</span> 
     </span>
     <span class='ocr_line' id='line_1_23' title="bbox 115 1294 908 1344; baseline -0.001 -15"><span class='ocrx_word' id='word_1_145' title='bbox 115 1294 195 1340; x_wconf 82' lang='lat' dir='ltr'>confi.</span> <span class='ocrx_word' id='word_1_146' title='bbox 213 1307 267 1341; x_wconf 83' lang='lat'>52.</span> <span class='ocrx_word' id='word_1_147' title='bbox 281 1300 316 1329; x_wconf 84' lang='lat' dir='ltr'>In</span> <span class='ocrx_word' id='word_1_148' title='bbox 330 1296 383 1330; x_wconf 82' lang='lat' dir='ltr'>hac</span> <span class='ocrx_word' id='word_1_149' title='bbox 402 1298 439 1334; x_wconf 58' lang='grc' dir='ltr'><strong><em>ὠ</em></strong></span> <span class='ocrx_word' id='word_1_150' title='bbox 453 1296 533 1344; x_wconf 77' lang='lat' dir='ltr'>cons.</span> <span class='ocrx_word' id='word_1_151' title='bbox 547 1311 584 1343; x_wconf 79' lang='lat'>13</span> <span class='ocrx_word' id='word_1_152' title='bbox 597 1312 620 1333; x_wconf 81' lang='grc' dir='ltr'>ι.</span> <span class='ocrx_word' id='word_1_153' title='bbox 634 1304 669 1333; x_wconf 81' lang='lat' dir='ltr'>ln</span> <span class='ocrx_word' id='word_1_154' title='bbox 680 1298 730 1331; x_wconf 84' lang='lat' dir='ltr'>hoc</span> <span class='ocrx_word' id='word_1_155' title='bbox 741 1296 790 1330; x_wconf 81' lang='lat' dir='ltr'>lib.</span> <span class='ocrx_word' id='word_1_156' title='bbox 803 1308 838 1341; x_wconf 85' lang='lat'>4.</span> <span class='ocrx_word' id='word_1_157' title='bbox 851 1300 908 1328; x_wconf 80' lang='lat' dir='ltr'>Pa-</span> 
     </span>
     <span class='ocr_line' id='line_1_24' title="bbox 114 1343 907 1393; baseline 0.001 -15"><span class='ocrx_word' id='word_1_158' title='bbox 114 1345 164 1392; x_wconf 80' lang='lat' dir='ltr'>ris.</span> <span class='ocrx_word' id='word_1_159' title='bbox 181 1344 210 1380; x_wconf 80' lang='lat' dir='ltr'>d.</span> <span class='ocrx_word' id='word_1_160' title='bbox 226 1343 301 1390; x_wconf 80' lang='lat' dir='ltr'>cons.</span> <span class='ocrx_word' id='word_1_161' title='bbox 316 1358 365 1391; x_wconf 73' lang='lat'>33.</span> <span class='ocrx_word' id='word_1_162' title='bbox 381 1356 456 1381; x_wconf 39' lang='lat' dir='ltr'>numi</span> <span class='ocrx_word' id='word_1_163' title='bbox 480 1356 532 1392; x_wconf 83' lang='lat'>32.</span> <span class='ocrx_word' id='word_1_164' title='bbox 544 1349 617 1393; x_wconf 80' lang='lat' dir='ltr'>Ripa</span> <span class='ocrx_word' id='word_1_165' title='bbox 627 1348 656 1382; x_wconf 80' lang='lat' dir='ltr'>d.</span> <span class='ocrx_word' id='word_1_166' title='bbox 669 1349 743 1388; x_wconf 82' lang='lat' dir='ltr'>loco,</span> <span class='ocrx_word' id='word_1_167' title='bbox 755 1357 835 1380; x_wconf 89' lang='lat' dir='ltr'>num.</span> <span class='ocrx_word' id='word_1_168' title='bbox 850 1352 907 1389; x_wconf 86' lang='lat'>25.</span> 
     </span>
     <span class='ocr_line' id='line_1_25' title="bbox 77 1393 907 1443; baseline 0.001 -15"><span class='ocrx_word' id='word_1_169' title='bbox 77 1411 80 1415; x_wconf 38' lang='lat' dir='ltr'>v</span> <span class='ocrx_word' id='word_1_170' title='bbox 113 1399 195 1443; x_wconf 60' lang='lat' dir='ltr'>Beer.</span> <span class='ocrx_word' id='word_1_171' title='bbox 206 1395 234 1428; x_wconf 84' lang='lat' dir='ltr'>d.</span> <span class='ocrx_word' id='word_1_172' title='bbox 254 1397 312 1429; x_wconf 80' lang='lat' dir='ltr'>loco</span> <span class='ocrx_word' id='word_1_173' title='bbox 325 1421 333 1435; x_wconf 95' lang='lat'>,</span> <span class='ocrx_word' id='word_1_174' title='bbox 354 1396 406 1429; x_wconf 77' lang='lat' dir='ltr'>col.</span> <span class='ocrx_word' id='word_1_175' title='bbox 417 1403 483 1438; x_wconf 85' lang='lat' dir='ltr'>pen.</span> <span class='ocrx_word' id='word_1_176' title='bbox 499 1398 603 1433; x_wconf 81' lang='lat' dir='ltr'>Rolan.</span> <span class='ocrx_word' id='word_1_177' title='bbox 622 1395 642 1431; x_wconf 78' lang='grc' dir='ltr'>ιὶ</span> <span class='ocrx_word' id='word_1_178' title='bbox 658 1397 734 1431; x_wconf 72' lang='lat' dir='ltr'>Valle</span> <span class='ocrx_word' id='word_1_179' title='bbox 748 1393 907 1440; x_wconf 78' lang='lat' dir='ltr'><em>confit.81.</em></span> 
     </span>
     <span class='ocr_line' id='line_1_26' title="bbox 112 1443 733 1490; baseline 0.002 -13"><span class='ocrx_word' id='word_1_180' title='bbox 112 1446 211 1478; x_wconf 77' lang='lat' dir='ltr'>Prima</span> <span class='ocrx_word' id='word_1_181' title='bbox 213 1443 300 1490; x_wconf 72' lang='lat' dir='ltr'>facie.</span> <span class='ocrx_word' id='word_1_182' title='bbox 316 1454 397 1478; x_wconf 83' lang='lat' dir='ltr'>num.</span> <span class='ocrx_word' id='word_1_183' title='bbox 410 1445 465 1479; x_wconf 85' lang='lat'>28.</span> <span class='ocrx_word' id='word_1_184' title='bbox 721 1474 733 1490; x_wconf 72' lang='grc'>,</span> 
     </span>
    </p>

    <p class='ocr_par' dir='ltr' id='par_1_4' title="bbox 60 1487 909 2287">
     <span class='ocr_line' id='line_1_27' title="bbox 164 1487 905 1534; baseline 0 -6"><span class='ocrx_word' id='word_1_185' title='bbox 164 1494 289 1528; x_wconf 79' lang='lat' dir='ltr'>Habent</span> <span class='ocrx_word' id='word_1_186' title='bbox 299 1490 411 1528; x_wconf 76' lang='lat' dir='ltr'>scilicet</span> <span class='ocrx_word' id='word_1_187' title='bbox 422 1491 483 1527; x_wconf 78' lang='lat' dir='ltr'>istae</span> <span class='ocrx_word' id='word_1_188' title='bbox 497 1487 666 1526; x_wconf 83' lang='lat' dir='ltr'>decifiones</span> <span class='ocrx_word' id='word_1_189' title='bbox 681 1490 760 1527; x_wconf 87' lang='lat' dir='ltr'>hanc</span> <span class='ocrx_word' id='word_1_190' title='bbox 772 1491 905 1534; x_wconf 85' lang='lat' dir='ltr'>causam,</span> 
     </span>
     <span class='ocr_line' id='line_1_28' title="bbox 60 1541 908 1591; baseline -0.001 -13"><span class='ocrx_word' id='word_1_191' title='bbox 60 1568 70 1578; x_wconf 88' lang='lat'><em>.</em></span> <span class='ocrx_word' id='word_1_192' title='bbox 111 1541 200 1590; x_wconf 68' lang='lat' dir='ltr'>quod</span> <span class='ocrx_word' id='word_1_193' title='bbox 221 1554 363 1589; x_wconf 82' lang='lat' dir='ltr'>tempore</span> <span class='ocrx_word' id='word_1_194' title='bbox 385 1541 566 1591; x_wconf 79' lang='lat' dir='ltr'>pestilentia:</span> <span class='ocrx_word' id='word_1_195' title='bbox 588 1543 610 1561; x_wconf 83' lang='lat'><strong>*</strong></span> <span class='ocrx_word' id='word_1_196' title='bbox 631 1544 721 1588; x_wconf 84' lang='lat' dir='ltr'>pauci</span> <span class='ocrx_word' id='word_1_197' title='bbox 749 1544 908 1589; x_wconf 87' lang='lat' dir='ltr'>reperiun-</span> 
     </span>
     <span class='ocr_line' id='line_1_29' title="bbox 112 1590 908 1640; baseline 0.005 -13"><span class='ocrx_word' id='word_1_198' title='bbox 112 1602 184 1638; x_wconf 84' lang='lat' dir='ltr'>tur,</span> <span class='ocrx_word' id='word_1_199' title='bbox 203 1594 258 1640; x_wconf 86' lang='lat' dir='ltr'>qui</span> <span class='ocrx_word' id='word_1_200' title='bbox 274 1591 372 1628; x_wconf 69' lang='lat' dir='ltr'>velint</span> <span class='ocrx_word' id='word_1_201' title='bbox 387 1592 441 1628; x_wconf 78' lang='lat' dir='ltr'>effe</span> <span class='ocrx_word' id='word_1_202' title='bbox 454 1591 561 1631; x_wconf 78' lang='lat' dir='ltr'>testes,</span> <span class='ocrx_word' id='word_1_203' title='bbox 586 1601 640 1626; x_wconf 84' lang='lat' dir='ltr'>aut</span> <span class='ocrx_word' id='word_1_204' title='bbox 661 1594 834 1628; x_wconf 82' lang='lat' dir='ltr'>notariatus</span> <span class='ocrx_word' id='word_1_205' title='bbox 855 1590 908 1627; x_wconf 88' lang='lat' dir='ltr'>of-</span> 
     </span>
     <span class='ocr_line' id='line_1_30' title="bbox 110 1639 905 1691; baseline -0.001 -13"><span class='ocrx_word' id='word_1_206' title='bbox 110 1640 187 1678; x_wconf 86' lang='lat' dir='ltr'>ficio</span> <span class='ocrx_word' id='word_1_207' title='bbox 207 1641 307 1691; x_wconf 84' lang='lat' dir='ltr'>fungi.</span> <span class='ocrx_word' id='word_1_208' title='bbox 325 1642 382 1680; x_wconf 77' lang='lat' dir='ltr'>Est</span> <span class='ocrx_word' id='word_1_209' title='bbox 403 1647 487 1678; x_wconf 90' lang='lat' dir='ltr'>enim</span> <span class='ocrx_word' id='word_1_210' title='bbox 512 1639 603 1688; x_wconf 88' lang='lat' dir='ltr'>pestis</span> <span class='ocrx_word' id='word_1_211' title='bbox 615 1641 744 1677; x_wconf 87' lang='lat' dir='ltr'>morbus</span> <span class='ocrx_word' id='word_1_212' title='bbox 764 1642 905 1678; x_wconf 82' lang='lat' dir='ltr'>acutissi-</span> 
     </span>
     <span class='ocr_line' id='line_1_31' title="bbox 110 1689 907 1741; baseline -0.003 -13"><span class='ocrx_word' id='word_1_213' title='bbox 110 1705 204 1739; x_wconf 76' lang='grc' dir='ltr'>πως,</span> <span class='ocrx_word' id='word_1_214' title='bbox 226 1697 258 1729; x_wconf 88' lang='lat'>&amp;</span> <span class='ocrx_word' id='word_1_215' title='bbox 272 1691 490 1741; x_wconf 79' lang='lat' dir='ltr'>contagiosus,</span> <span class='ocrx_word' id='word_1_216' title='bbox 512 1691 568 1738; x_wconf 86' lang='lat' dir='ltr'>qui</span> <span class='ocrx_word' id='word_1_217' title='bbox 590 1703 700 1727; x_wconf 87' lang='lat' dir='ltr'>omnes</span> <span class='ocrx_word' id='word_1_218' title='bbox 719 1690 797 1726; x_wconf 87' lang='lat' dir='ltr'>alios</span> <span class='ocrx_word' id='word_1_219' title='bbox 818 1689 907 1740; x_wconf 85' lang='lat' dir='ltr'>supe-</span> 
     </span>
     <span class='ocr_line' id='line_1_32' title="bbox 107 1740 907 1790; baseline -0.004 -12"><span class='ocrx_word' id='word_1_220' title='bbox 107 1754 179 1787; x_wconf 82' lang='lat' dir='ltr'>rat,</span> <span class='ocrx_word' id='word_1_221' title='bbox 203 1752 255 1790; x_wconf 76' lang='lat' dir='ltr'>cap</span> <span class='ocrx_word' id='word_1_222' title='bbox 266 1741 352 1790; x_wconf 78' lang='lat' dir='ltr'>ficut.</span> <span class='ocrx_word' id='word_1_223' title='bbox 369 1754 397 1778; x_wconf 87' lang='lat'>1.</span> <span class='ocrx_word' id='word_1_224' title='bbox 411 1742 530 1790; x_wconf 77' lang='lat' dir='ltr'>deflmo.</span> <span class='ocrx_word' id='word_1_225' title='bbox 555 1753 611 1776; x_wconf 91' lang='lat' dir='ltr'>nec</span> <span class='ocrx_word' id='word_1_226' title='bbox 624 1741 735 1777; x_wconf 86' lang='lat' dir='ltr'>iniuria</span> <span class='ocrx_word' id='word_1_227' title='bbox 747 1740 907 1789; x_wconf 86' lang='lat' dir='ltr'>vnnsquis-</span> 
     </span>
     <span class='ocr_line' id='line_1_33' title="bbox 109 1788 904 1840; baseline -0.001 -13"><span class='ocrx_word' id='word_1_228' title='bbox 109 1803 172 1839; x_wconf 86' lang='lat' dir='ltr'>que</span> <span class='ocrx_word' id='word_1_229' title='bbox 193 1791 292 1828; x_wconf 83' lang='lat' dir='ltr'>diram</span> <span class='ocrx_word' id='word_1_230' title='bbox 305 1792 402 1828; x_wconf 87' lang='lat' dir='ltr'>lucem</span> <span class='ocrx_word' id='word_1_231' title='bbox 415 1819 422 1837; x_wconf 87' lang='lat'>,</span> <span class='ocrx_word' id='word_1_232' title='bbox 433 1788 542 1840; x_wconf 65' lang='lat' dir='ltr'>⁴quoad</span> <span class='ocrx_word' id='word_1_233' title='bbox 554 1790 656 1838; x_wconf 84' lang='lat' dir='ltr'>potest</span> <span class='ocrx_word' id='word_1_234' title='bbox 668 1815 678 1835; x_wconf 90' lang='lat'><strong>,</strong></span> <span class='ocrx_word' id='word_1_235' title='bbox 700 1791 796 1826; x_wconf 83' lang='lat' dir='ltr'>euitat</span> <span class='ocrx_word' id='word_1_236' title='bbox 808 1816 819 1836; x_wconf 95' lang='lat'>,</span> <span class='ocrx_word' id='word_1_237' title='bbox 839 1800 904 1836; x_wconf 83' lang='lat' dir='ltr'>cap.</span> 
     </span>
     <span class='ocr_line' id='line_1_34' title="bbox 101 1839 904 1890; baseline 0 -15"><span class='ocrx_word' id='word_1_238' title='bbox 101 1841 131 1890; x_wconf 79' lang='lat' dir='ltr'><em>fi</em></span> <span class='ocrx_word' id='word_1_239' title='bbox 141 1842 216 1877; x_wconf 69' lang='lat' dir='ltr'>naua</span> <span class='ocrx_word' id='word_1_240' title='bbox 225 1867 235 1885; x_wconf 86' lang='lat'><strong>‚</strong></span> <span class='ocrx_word' id='word_1_241' title='bbox 246 1855 263 1878; x_wconf 76' lang='lat'><em>2</em></span> <span class='ocrx_word' id='word_1_242' title='bbox 273 1856 298 1889; x_wconf 70' lang='grc' dir='ltr'>ς.</span> <span class='ocrx_word' id='word_1_243' title='bbox 314 1840 407 1888; x_wconf 72' lang='lat' dir='ltr'>quast.</span> <span class='ocrx_word' id='word_1_244' title='bbox 421 1845 456 1879; x_wconf 78' lang='lat'>8,</span> <span class='ocrx_word' id='word_1_245' title='bbox 481 1844 552 1881; x_wconf 81' lang='lat' dir='ltr'>Qua</span> <span class='ocrx_word' id='word_1_246' title='bbox 564 1839 604 1876; x_wconf 91' lang='lat' dir='ltr'>de</span> <span class='ocrx_word' id='word_1_247' title='bbox 616 1852 648 1875; x_wconf 89' lang='lat' dir='ltr'>re</span> <span class='ocrx_word' id='word_1_248' title='bbox 671 1839 831 1877; x_wconf 84' lang='lat' dir='ltr'>subiiciam</span> <span class='ocrx_word' id='word_1_249' title='bbox 842 1840 904 1875; x_wconf 86' lang='lat' dir='ltr'>ele-</span> 
     </span>
     <span class='ocr_line' id='line_1_35' title="bbox 110 1889 906 1941; baseline -0.003 -14"><span class='ocrx_word' id='word_1_250' title='bbox 110 1904 236 1941; x_wconf 86' lang='lat' dir='ltr'>gantem</span> <span class='ocrx_word' id='word_1_251' title='bbox 253 1892 358 1928; x_wconf 82' lang='lat' dir='ltr'>locum</span> <span class='ocrx_word' id='word_1_252' title='bbox 385 1891 503 1928; x_wconf 85' lang='lat' dir='ltr'>Erasmi</span> <span class='ocrx_word' id='word_1_253' title='bbox 519 1891 551 1926; x_wconf 83' lang='lat' dir='ltr'>in</span> <span class='ocrx_word' id='word_1_254' title='bbox 571 1889 698 1937; x_wconf 68' lang='lat' dir='ltr'>epistola</span> <span class='ocrx_word' id='word_1_255' title='bbox 712 1890 846 1940; x_wconf 77' lang='lat' dir='ltr'>quadam</span> <span class='ocrx_word' id='word_1_256' title='bbox 867 1889 906 1926; x_wconf 83' lang='lat' dir='ltr'>ad</span> 
     </span>
     <span class='ocr_line' id='line_1_36' title="bbox 108 1937 905 1988; baseline -0.003 -10"><span class='ocrx_word' id='word_1_257' title='bbox 108 1940 252 1978; x_wconf 85' lang='lat' dir='ltr'>Faustum</span> <span class='ocrx_word' id='word_1_258' title='bbox 278 1940 409 1979; x_wconf 84' lang='lat' dir='ltr'>Andrel.</span> <span class='ocrx_word' id='word_1_259' title='bbox 433 1941 488 1979; x_wconf 92' lang='lat' dir='ltr'>vbi</span> <span class='ocrx_word' id='word_1_260' title='bbox 513 1937 554 1974; x_wconf 85' lang='lat' dir='ltr'>fic</span> <span class='ocrx_word' id='word_1_261' title='bbox 575 1942 642 1976; x_wconf 84' lang='lat' dir='ltr'>ait.-</span> <span class='ocrx_word' id='word_1_262' title='bbox 673 1939 905 1988; x_wconf 88' lang='lat' dir='ltr'>[Quamquam</span> 
     </span>
     <span class='ocr_line' id='line_1_37' title="bbox 108 1988 906 2039; baseline -0.004 -11"><span class='ocrx_word' id='word_1_263' title='bbox 108 1991 288 2029; x_wconf 82' lang='lat' dir='ltr'>huiusmodi</span> <span class='ocrx_word' id='word_1_264' title='bbox 315 1993 347 2026; x_wconf 89' lang='lat' dir='ltr'>in</span> <span class='ocrx_word' id='word_1_265' title='bbox 374 1991 464 2030; x_wconf 85' lang='lat' dir='ltr'>rebus</span> <span class='ocrx_word' id='word_1_266' title='bbox 491 1989 570 2025; x_wconf 83' lang='lat' dir='ltr'>nihil</span> <span class='ocrx_word' id='word_1_267' title='bbox 592 1988 760 2026; x_wconf 88' lang='lat' dir='ltr'>formidare</span> <span class='ocrx_word' id='word_1_268' title='bbox 780 2017 797 2034; x_wconf 75' lang='lat'><strong><em>‚</em></strong></span> <span class='ocrx_word' id='word_1_269' title='bbox 817 1993 906 2039; x_wconf 89' lang='lat' dir='ltr'>equi-</span> 
     </span>
     <span class='ocr_line' id='line_1_38' title="bbox 109 2039 909 2087; baseline -0.003 -9"><span class='ocrx_word' id='word_1_270' title='bbox 109 2041 182 2078; x_wconf 88' lang='lat' dir='ltr'>dem</span> <span class='ocrx_word' id='word_1_271' title='bbox 206 2054 272 2078; x_wconf 92' lang='lat' dir='ltr'>non</span> <span class='ocrx_word' id='word_1_272' title='bbox 295 2041 407 2077; x_wconf 86' lang='lat' dir='ltr'>strenui</span> <span class='ocrx_word' id='word_1_273' title='bbox 421 2040 559 2077; x_wconf 87' lang='lat' dir='ltr'>hominis</span> <span class='ocrx_word' id='word_1_274' title='bbox 573 2039 641 2081; x_wconf 85' lang='lat' dir='ltr'>‚sed</span> <span class='ocrx_word' id='word_1_275' title='bbox 654 2040 836 2087; x_wconf 81' lang='lat' dir='ltr'>stipitis-effe</span> <span class='ocrx_word' id='word_1_276' title='bbox 847 2040 909 2076; x_wconf 89' lang='lat' dir='ltr'>du·-</span> 
     </span>
     <span class='ocr_line' id='line_1_39' title="bbox 109 2089 908 2138; baseline -0.005 -9"><span class='ocrx_word' id='word_1_277' title='bbox 109 2106 172 2134; x_wconf 85' lang='lat' dir='ltr'>co,</span> <span class='ocrx_word' id='word_1_278' title='bbox 193 2092 248 2128; x_wconf 90' lang='lat' dir='ltr'>vbi</span> <span class='ocrx_word' id='word_1_279' title='bbox 271 2104 310 2128; x_wconf 88' lang='lat' dir='ltr'>eo</span> <span class='ocrx_word' id='word_1_280' title='bbox 322 2103 393 2127; x_wconf 90' lang='lat' dir='ltr'>cum</span> <span class='ocrx_word' id='word_1_281' title='bbox 405 2091 490 2127; x_wconf 89' lang='lat' dir='ltr'>hoste</span> <span class='ocrx_word' id='word_1_282' title='bbox 506 2102 550 2125; x_wconf 89' lang='lat' dir='ltr'>res</span> <span class='ocrx_word' id='word_1_283' title='bbox 561 2090 624 2134; x_wconf 87' lang='lat' dir='ltr'>est,</span> <span class='ocrx_word' id='word_1_284' title='bbox 648 2092 702 2137; x_wconf 90' lang='lat' dir='ltr'>qui</span> <span class='ocrx_word' id='word_1_285' title='bbox 717 2089 883 2138; x_wconf 80' lang='lat' dir='ltr'>propulsari</span> <span class='ocrx_word' id='word_1_286' title='bbox 896 2116 908 2135; x_wconf 88' lang='lat'><strong>,</strong></span> 
     </span>
     <span class='ocr_line' id='line_1_40' title="bbox 108 2140 907 2191; baseline -0.001 -14"><span class='ocrx_word' id='word_1_287' title='bbox 108 2143 165 2191; x_wconf 86' lang='lat' dir='ltr'>qui</span> <span class='ocrx_word' id='word_1_288' title='bbox 196 2140 311 2177; x_wconf 83' lang='lat' dir='ltr'>referiri</span> <span class='ocrx_word' id='word_1_289' title='bbox 342 2166 353 2185; x_wconf 90' lang='lat'><em>,</em></span> <span class='ocrx_word' id='word_1_290' title='bbox 388 2144 443 2189; x_wconf 91' lang='lat' dir='ltr'>qui</span> <span class='ocrx_word' id='word_1_291' title='bbox 472 2141 558 2176; x_wconf 87' lang='lat' dir='ltr'>vinci</span> <span class='ocrx_word' id='word_1_292' title='bbox 594 2141 702 2175; x_wconf 83' lang='lat' dir='ltr'>contra</span> <span class='ocrx_word' id='word_1_293' title='bbox 735 2141 907 2188; x_wconf 78' lang='lat' dir='ltr'>pugnando</span> 
     </span>
     <span class='ocr_line' id='line_1_41' title="bbox 109 2188 908 2242; baseline -0.003 -14"><span class='ocrx_word' id='word_1_294' title='bbox 109 2191 233 2242; x_wconf 83' lang='lat' dir='ltr'>potest:</span> <span class='ocrx_word' id='word_1_295' title='bbox 249 2191 295 2227; x_wconf 83' lang='lat' dir='ltr'>ibi</span> <span class='ocrx_word' id='word_1_296' title='bbox 315 2191 369 2239; x_wconf 90' lang='lat' dir='ltr'>qui</span> <span class='ocrx_word' id='word_1_297' title='bbox 390 2190 485 2228; x_wconf 85' lang='lat' dir='ltr'>fortis</span> <span class='ocrx_word' id='word_1_298' title='bbox 504 2188 604 2227; x_wconf 88' lang='lat' dir='ltr'>videri</span> <span class='ocrx_word' id='word_1_299' title='bbox 621 2191 708 2236; x_wconf 87' lang='lat' dir='ltr'>cupit</span> <span class='ocrx_word' id='word_1_300' title='bbox 721 2214 732 2234; x_wconf 92' lang='lat'>‚</span> <span class='ocrx_word' id='word_1_301' title='bbox 746 2203 798 2238; x_wconf 87' lang='lat' dir='ltr'>per</span> <span class='ocrx_word' id='word_1_302' title='bbox 811 2190 908 2226; x_wconf 88' lang='lat' dir='ltr'>meli-</span> 
     </span>
     <span class='ocr_line' id='line_1_42' title="bbox 109 2238 906 2287; baseline -0.003 -9"><span class='ocrx_word' id='word_1_303' title='bbox 109 2243 204 2278; x_wconf 86' lang='lat' dir='ltr'>cebir.</span> <span class='ocrx_word' id='word_1_304' title='bbox 226 2245 350 2277; x_wconf 84' lang='lat' dir='ltr'>Lernaea</span> <span class='ocrx_word' id='word_1_305' title='bbox 372 2240 424 2278; x_wconf 80' lang='lat' dir='ltr'>illa</span> <span class='ocrx_word' id='word_1_306' title='bbox 450 2238 549 2287; x_wconf 87' lang='lat' dir='ltr'>hydra</span> <span class='ocrx_word' id='word_1_307' title='bbox 573 2265 585 2284; x_wconf 88' lang='lat'>‚</span> <span class='ocrx_word' id='word_1_308' title='bbox 606 2251 764 2276; x_wconf 84' lang='lat' dir='ltr'>extremus</span> <span class='ocrx_word' id='word_1_309' title='bbox 781 2240 906 2276; x_wconf 85' lang='lat' dir='ltr'>duriffi-</span> 
     </span>
    </p>
   </div>
   <div class='ocr_carea' id='block_1_3' title="bbox 110 2286 926 2342">
    <p class='ocr_par' dir='ltr' id='par_1_5' title="bbox 110 2286 926 2342">
     <span class='ocr_line' id='line_1_43' title="bbox 110 2286 926 2342; baseline -0.002 -14"><span class='ocrx_word' id='word_1_310' title='bbox 110 2290 241 2342; x_wconf 75' lang='lat' dir='ltr'>musque</span> <span class='ocrx_word' id='word_1_311' title='bbox 264 2290 407 2328; x_wconf 87' lang='lat' dir='ltr'>laborum</span> <span class='ocrx_word' id='word_1_312' title='bbox 431 2288 575 2327; x_wconf 85' lang='lat' dir='ltr'>Herculis</span> <span class='ocrx_word' id='word_1_313' title='bbox 595 2286 677 2325; x_wconf 86' lang='lat' dir='ltr'>ferro</span> <span class='ocrx_word' id='word_1_314' title='bbox 695 2288 824 2338; x_wconf 88' lang='lat' dir='ltr'>quidem</span> <span class='ocrx_word' id='word_1_315' title='bbox 835 2290 926 2337; x_wconf 66' lang='lat' dir='ltr'>{do-&#39;</span> 
     </span>
    </p>
   </div>
   <div class='ocr_carea' id='block_1_4' title="bbox 109 2340 908 3336">
    <p class='ocr_par' dir='ltr' id='par_1_6' title="bbox 109 2340 908 3336">
     <span class='ocr_line' id='line_1_44' title="bbox 109 2340 908 2389; baseline -0.003 -11"><span class='ocrx_word' id='word_1_316' title='bbox 109 2342 188 2378; x_wconf 83' lang='lat' dir='ltr'>mari</span> <span class='ocrx_word' id='word_1_317' title='bbox 213 2355 279 2378; x_wconf 91' lang='lat' dir='ltr'>non</span> <span class='ocrx_word' id='word_1_318' title='bbox 301 2341 425 2389; x_wconf 83' lang='lat' dir='ltr'>potuit,</span> <span class='ocrx_word' id='word_1_319' title='bbox 446 2352 478 2376; x_wconf 89' lang='lat' dir='ltr'>at</span> <span class='ocrx_word' id='word_1_320' title='bbox 499 2341 617 2376; x_wconf 86' lang='lat' dir='ltr'>Graeco</span> <span class='ocrx_word' id='word_1_321' title='bbox 634 2350 738 2375; x_wconf 89' lang='lat' dir='ltr'>tamen</span> <span class='ocrx_word' id='word_1_322' title='bbox 751 2340 816 2388; x_wconf 85' lang='lat' dir='ltr'>igni</span> <span class='ocrx_word' id='word_1_323' title='bbox 830 2353 908 2376; x_wconf 88' lang='lat' dir='ltr'>con-</span> 
     </span>
     <span class='ocr_line' id='line_1_45' title="bbox 111 2387 907 2441; baseline -0.003 -14"><span class='ocrx_word' id='word_1_324' title='bbox 111 2389 166 2427; x_wconf 82' lang='lat' dir='ltr'>fici</span> <span class='ocrx_word' id='word_1_325' title='bbox 179 2392 296 2441; x_wconf 87' lang='lat' dir='ltr'>potuit.</span> <span class='ocrx_word' id='word_1_326' title='bbox 325 2391 410 2426; x_wconf 76' lang='lat' dir='ltr'>Huic</span> <span class='ocrx_word' id='word_1_327' title='bbox 434 2388 518 2425; x_wconf 87' lang='lat' dir='ltr'>malo</span> <span class='ocrx_word' id='word_1_328' title='bbox 543 2387 621 2438; x_wconf 90' lang='lat' dir='ltr'>quid</span> <span class='ocrx_word' id='word_1_329' title='bbox 640 2388 767 2425; x_wconf 85' lang='lat' dir='ltr'>tandem</span> <span class='ocrx_word' id='word_1_330' title='bbox 791 2387 907 2434; x_wconf 81' lang='lat' dir='ltr'>facies,</span> 
     </span>
     <span class='ocr_line' id='line_1_46' title="bbox 112 2438 906 2490; baseline -0.003 -14"><span class='ocrx_word' id='word_1_331' title='bbox 112 2441 201 2490; x_wconf 89' lang='lat' dir='ltr'>quod</span> <span class='ocrx_word' id='word_1_332' title='bbox 221 2453 276 2478; x_wconf 86' lang='lat' dir='ltr'>nec</span> <span class='ocrx_word' id='word_1_333' title='bbox 301 2441 385 2475; x_wconf 83' lang='lat' dir='ltr'>cerni</span> <span class='ocrx_word' id='word_1_334' title='bbox 406 2451 499 2490; x_wconf 87' lang='lat' dir='ltr'>queat</span> <span class='ocrx_word' id='word_1_335' title='bbox 522 2462 533 2481; x_wconf 89' lang='lat'>‚</span> <span class='ocrx_word' id='word_1_336' title='bbox 554 2438 612 2473; x_wconf 74' lang='lat' dir='ltr'>nec</span> <span class='ocrx_word' id='word_1_337' title='bbox 625 2439 906 2484; x_wconf 59' lang='lat' dir='ltr'>vinciZQuaedam</span> 
     </span>
     <span class='ocr_line' id='line_1_47' title="bbox 113 2483 908 2538; baseline -0.003 -12"><span class='ocrx_word' id='word_1_338' title='bbox 113 2490 228 2526; x_wconf 91' lang='lat' dir='ltr'>melius</span> <span class='ocrx_word' id='word_1_339' title='bbox 237 2489 419 2538; x_wconf 84' lang='lat' dir='ltr'>fugiuntur,</span> <span class='ocrx_word' id='word_1_340' title='bbox 445 2500 539 2537; x_wconf 85' lang='lat' dir='ltr'>quam</span> <span class='ocrx_word' id='word_1_341' title='bbox 562 2483 747 2534; x_wconf 82' lang='lat' dir='ltr'>superantur·</span> <span class='ocrx_word' id='word_1_342' title='bbox 767 2490 827 2525; x_wconf 91' lang='lat' dir='ltr'>Vir</span> <span class='ocrx_word' id='word_1_343' title='bbox 840 2486 908 2525; x_wconf 89' lang='lat' dir='ltr'>for-</span> 
     </span>
     <span class='ocr_line' id='line_1_48' title="bbox 113 2536 905 2586; baseline -0.003 -10"><span class='ocrx_word' id='word_1_344' title='bbox 113 2543 155 2576; x_wconf 84' lang='lat' dir='ltr'>tis</span> <span class='ocrx_word' id='word_1_345' title='bbox 178 2543 290 2576; x_wconf 82' lang='lat' dir='ltr'>AEneas</span> <span class='ocrx_word' id='word_1_346' title='bbox 314 2552 380 2574; x_wconf 74' lang='lat' dir='ltr'>nonv</span> <span class='ocrx_word' id='word_1_347' title='bbox 390 2536 561 2586; x_wconf 84' lang='lat' dir='ltr'>congressus</span> <span class='ocrx_word' id='word_1_348' title='bbox 584 2536 627 2573; x_wconf 87' lang='lat' dir='ltr'>est</span> <span class='ocrx_word' id='word_1_349' title='bbox 641 2550 712 2574; x_wconf 90' lang='lat' dir='ltr'>cum</span> <span class='ocrx_word' id='word_1_350' title='bbox 724 2538 905 2585; x_wconf 80' lang='lat' dir='ltr'>sirenibus,</span> 
     </span>
     <span class='ocr_line' id='line_1_49' title="bbox 113 2586 904 2638; baseline 0 -13"><span class='ocrx_word' id='word_1_351' title='bbox 113 2588 166 2627; x_wconf 89' lang='lat' dir='ltr'>sed</span> <span class='ocrx_word' id='word_1_352' title='bbox 176 2588 270 2638; x_wconf 68' lang='lat' dir='ltr'>longe</span> <span class='ocrx_word' id='word_1_353' title='bbox 281 2589 299 2624; x_wconf 67' lang='lat' dir='ltr'>a</span> <span class='ocrx_word' id='word_1_354' title='bbox 325 2587 502 2637; x_wconf 82' lang='lat' dir='ltr'>periculoso¹</span> <span class='ocrx_word' id='word_1_355' title='bbox 511 2588 620 2624; x_wconf 88' lang='lat' dir='ltr'>littore</span> <span class='ocrx_word' id='word_1_356' title='bbox 631 2599 754 2635; x_wconf 81' lang='lat' dir='ltr'>proram</span> <span class='ocrx_word' id='word_1_357' title='bbox 763 2586 904 2626; x_wconf 87' lang='lat' dir='ltr'>deflexit.</span> 
     </span>
     <span class='ocr_line' id='line_1_50' title="bbox 114 2635 904 2689; baseline -0.001 -13"><span class='ocrx_word' id='word_1_358' title='bbox 114 2638 260 2676; x_wconf 68' lang='lat' dir='ltr'>At‘nihil</span> <span class='ocrx_word' id='word_1_359' title='bbox 274 2639 315 2674; x_wconf 89' lang='lat' dir='ltr'>est</span> <span class='ocrx_word' id='word_1_360' title='bbox 328 2664 338 2682; x_wconf 89' lang='lat'>‚</span> <span class='ocrx_word' id='word_1_361' title='bbox 346 2638 466 2689; x_wconf 83' lang='lat' dir='ltr'>inquies</span> <span class='ocrx_word' id='word_1_362' title='bbox 476 2635 637 2687; x_wconf 67' lang='lat' dir='ltr'>‚periculL</span> <span class='ocrx_word' id='word_1_363' title='bbox 651 2641 696 2674; x_wconf 89' lang='lat' dir='ltr'>At</span> <span class='ocrx_word' id='word_1_364' title='bbox 706 2650 766 2686; x_wconf 89' lang='lat' dir='ltr'>ego</span> <span class='ocrx_word' id='word_1_365' title='bbox 777 2639 904 2675; x_wconf 87' lang='lat' dir='ltr'>interim</span> 
     </span>
     <span class='ocr_line' id='line_1_51' title="bbox 113 2686 906 2737; baseline -0.001 -12"><span class='ocrx_word' id='word_1_366' title='bbox 113 2691 191 2728; x_wconf 80' lang='lat' dir='ltr'>citra</span> <span class='ocrx_word' id='word_1_367' title='bbox 208 2689 380 2737; x_wconf 88' lang='lat' dir='ltr'>periculum</span> <span class='ocrx_word' id='word_1_368' title='bbox 405 2686 525 2724; x_wconf 84' lang='lat' dir='ltr'>multos</span> <span class='ocrx_word' id='word_1_369' title='bbox 539 2688 664 2723; x_wconf 88' lang='lat' dir='ltr'>interire</span> <span class='ocrx_word' id='word_1_370' title='bbox 688 2687 796 2724; x_wconf 89' lang='lat' dir='ltr'>video.</span> <span class='ocrx_word' id='word_1_371' title='bbox 823 2689 906 2724; x_wconf 87' lang='lat' dir='ltr'>Vul-</span> 
     </span>
     <span class='ocr_line' id='line_1_52' title="bbox 113 2737 906 2788; baseline -0.001 -13"><span class='ocrx_word' id='word_1_372' title='bbox 113 2751 185 2788; x_wconf 83' lang='lat' dir='ltr'>pem</span> <span class='ocrx_word' id='word_1_373' title='bbox 206 2739 324 2776; x_wconf 81' lang='lat' dir='ltr'>imitor</span> <span class='ocrx_word' id='word_1_374' title='bbox 347 2738 548 2774; x_wconf 79' lang='lat' dir='ltr'>Horatianam</span> <span class='ocrx_word' id='word_1_375' title='bbox 573 2751 583 2773; x_wconf 75' lang='grc' dir='ltr'><strong>ε</strong></span> <span class='ocrx_word' id='word_1_376' title='bbox 606 2737 690 2781; x_wconf 78' lang='lat' dir='ltr'>Quia</span> <span class='ocrx_word' id='word_1_377' title='bbox 709 2749 760 2772; x_wconf 89' lang='lat' dir='ltr'>me</span> <span class='ocrx_word' id='word_1_378' title='bbox 781 2737 906 2788; x_wconf 84' lang='lat' dir='ltr'>vestigia</span> 
     </span>
     <span class='ocr_line' id='line_1_53' title="bbox 114 2784 904 2837; baseline -0.003 -11"><span class='ocrx_word' id='word_1_379' title='bbox 114 2801 231 2827; x_wconf 72' lang='lat' dir='ltr'>terrent</span> <span class='ocrx_word' id='word_1_380' title='bbox 250 2814 262 2832; x_wconf 87' lang='lat'>‚</span> <span class='ocrx_word' id='word_1_381' title='bbox 297 2787 437 2837; x_wconf 82' lang='lat' dir='ltr'>pleraque</span> <span class='ocrx_word' id='word_1_382' title='bbox 461 2799 492 2824; x_wconf 91' lang='lat' dir='ltr'>te</span> <span class='ocrx_word' id='word_1_383' title='bbox 513 2786 675 2823; x_wconf 84' lang='lat' dir='ltr'>aduersum</span> <span class='ocrx_word' id='word_1_384' title='bbox 704 2784 869 2835; x_wconf 66' lang='lat' dir='ltr'>spectantia</span> <span class='ocrx_word' id='word_1_385' title='bbox 895 2815 904 2830; x_wconf 89' lang='lat'><strong>,</strong></span> 
     </span>
     <span class='ocr_line' id='line_1_54' title="bbox 112 2834 905 2888; baseline -0.001 -14"><span class='ocrx_word' id='word_1_386' title='bbox 112 2851 210 2888; x_wconf 86' lang='lat' dir='ltr'>pauca</span> <span class='ocrx_word' id='word_1_387' title='bbox 230 2835 405 2875; x_wconf 85' lang='lat' dir='ltr'>retrorsum.</span> <span class='ocrx_word' id='word_1_388' title='bbox 424 2841 462 2873; x_wconf 90' lang='lat' dir='ltr'>In</span> <span class='ocrx_word' id='word_1_389' title='bbox 483 2836 538 2873; x_wconf 86' lang='lat' dir='ltr'>hac</span> <span class='ocrx_word' id='word_1_390' title='bbox 557 2848 617 2885; x_wconf 83' lang='lat' dir='ltr'>ego</span> <span class='ocrx_word' id='word_1_391' title='bbox 642 2849 742 2873; x_wconf 91' lang='lat' dir='ltr'>rerum</span> <span class='ocrx_word' id='word_1_392' title='bbox 753 2834 829 2873; x_wconf 87' lang='lat' dir='ltr'>facie</span> <span class='ocrx_word' id='word_1_393' title='bbox 839 2850 905 2873; x_wconf 87' lang='lat' dir='ltr'>non</span> 
     </span>
     <span class='ocr_line' id='line_1_55' title="bbox 118 2884 908 2931; baseline -0.005 -5"><span class='ocrx_word' id='word_1_394' title='bbox 118 2887 278 2926; x_wconf 81' lang='lat' dir='ltr'>Aureliam</span> <span class='ocrx_word' id='word_1_395' title='bbox 291 2885 413 2930; x_wconf 71' lang='lat' dir='ltr'>modo,</span> <span class='ocrx_word' id='word_1_396' title='bbox 428 2884 480 2922; x_wconf 86' lang='lat' dir='ltr'>sed</span> <span class='ocrx_word' id='word_1_397' title='bbox 503 2886 608 2923; x_wconf 79' lang='lat' dir='ltr'>Gades</span> <span class='ocrx_word' id='word_1_398' title='bbox 629 2885 698 2922; x_wconf 82' lang='lat' dir='ltr'>illas</span> <span class='ocrx_word' id='word_1_399' title='bbox 723 2886 908 2931; x_wconf 79' lang='lat' dir='ltr'>Herculeas,</span> 
     </span>
     <span class='ocr_line' id='line_1_56' title="bbox 116 2935 904 2975; baseline -0.003 -1"><span class='ocrx_word' id='word_1_400' title='bbox 116 2937 169 2975; x_wconf 91' lang='lat' dir='ltr'>vel</span> <span class='ocrx_word' id='word_1_401' title='bbox 198 2937 239 2973; x_wconf 87' lang='lat' dir='ltr'>ad</span> <span class='ocrx_word' id='word_1_402' title='bbox 278 2935 462 2974; x_wconf 82' lang='lat' dir='ltr'>Orchadum</span> <span class='ocrx_word' id='word_1_403' title='bbox 491 2948 700 2974; x_wconf 85' lang='lat' dir='ltr'>extremarum</span> <span class='ocrx_word' id='word_1_404' title='bbox 731 2948 904 2973; x_wconf 80' lang='lat' dir='ltr'>extremam</span> 
     </span>
     <span class='ocr_line' id='line_1_57' title="bbox 117 2984 906 3036; baseline -0.004 -11"><span class='ocrx_word' id='word_1_405' title='bbox 117 2988 215 3036; x_wconf 89' lang='lat' dir='ltr'>vsque</span> <span class='ocrx_word' id='word_1_406' title='bbox 233 3000 296 3024; x_wconf 89' lang='lat' dir='ltr'>non</span> <span class='ocrx_word' id='word_1_407' title='bbox 307 2986 479 3022; x_wconf 78' lang='lat' dir='ltr'>dubitarim</span> <span class='ocrx_word' id='word_1_408' title='bbox 500 2985 642 3022; x_wconf 85' lang='lat' dir='ltr'>auolare:</span> <span class='ocrx_word' id='word_1_409' title='bbox 659 2998 723 3021; x_wconf 91' lang='lat' dir='ltr'>non</span> <span class='ocrx_word' id='word_1_410' title='bbox 735 2984 825 3034; x_wconf 70' lang='lat' dir='ltr'>quod</span> <span class='ocrx_word' id='word_1_411' title='bbox 839 2998 906 3022; x_wconf 84' lang='lat' dir='ltr'>me—</span> 
     </span>
     <span class='ocr_line' id='line_1_58' title="bbox 118 3034 904 3085; baseline -0.003 -12"><span class='ocrx_word' id='word_1_412' title='bbox 118 3035 265 3076; x_wconf 84' lang='lat' dir='ltr'>ticulosus</span> <span class='ocrx_word' id='word_1_413' title='bbox 286 3035 342 3072; x_wconf 84' lang='lat' dir='ltr'>fim</span> <span class='ocrx_word' id='word_1_414' title='bbox 364 3062 376 3081; x_wconf 87' lang='lat'>‚</span> <span class='ocrx_word' id='word_1_415' title='bbox 394 3037 564 3085; x_wconf 88' lang='lat' dir='ltr'>animoque</span> <span class='ocrx_word' id='word_1_416' title='bbox 598 3047 704 3083; x_wconf 88' lang='lat' dir='ltr'>parum</span> <span class='ocrx_word' id='word_1_417' title='bbox 737 3034 873 3072; x_wconf 88' lang='lat' dir='ltr'>masculo</span> <span class='ocrx_word' id='word_1_418' title='bbox 894 3062 904 3078; x_wconf 92' lang='lat'>‚</span> 
     </span>
     <span class='ocr_line' id='line_1_59' title="bbox 118 3086 905 3130; baseline -0.006 -6"><span class='ocrx_word' id='word_1_419' title='bbox 118 3099 231 3126; x_wconf 89' lang='lat' dir='ltr'>vetum</span> <span class='ocrx_word' id='word_1_420' title='bbox 257 3100 295 3123; x_wconf 90' lang='lat' dir='ltr'>ne</span> <span class='ocrx_word' id='word_1_421' title='bbox 314 3087 378 3122; x_wconf 86' lang='lat' dir='ltr'>iure</span> <span class='ocrx_word' id='word_1_422' title='bbox 390 3097 525 3121; x_wconf 85' lang='lat' dir='ltr'>metuam</span> <span class='ocrx_word' id='word_1_423' title='bbox 537 3101 548 3120; x_wconf 91' lang='lat'>.·</span> <span class='ocrx_word' id='word_1_424' title='bbox 569 3097 634 3119; x_wconf 90' lang='lat' dir='ltr'>non</span> <span class='ocrx_word' id='word_1_425' title='bbox 646 3098 686 3120; x_wconf 89' lang='lat' dir='ltr'>ne</span> <span class='ocrx_word' id='word_1_426' title='bbox 709 3086 843 3130; x_wconf 85' lang='lat' dir='ltr'>moriar,</span> <span class='ocrx_word' id='word_1_427' title='bbox 855 3087 905 3121; x_wconf 86' lang='lat' dir='ltr'>cui</span> 
     </span>
     <span class='ocr_line' id='line_1_60' title="bbox 114 3133 906 3176; baseline -0.004 -3"><span class='ocrx_word' id='word_1_428' title='bbox 114 3138 162 3173; x_wconf 80' lang='lat' dir='ltr'>rei</span> <span class='ocrx_word' id='word_1_429' title='bbox 187 3136 336 3172; x_wconf 82' lang='lat' dir='ltr'>nascimur</span> <span class='ocrx_word' id='word_1_430' title='bbox 354 3148 463 3171; x_wconf 86' lang='lat' dir='ltr'>omnes</span> <span class='ocrx_word' id='word_1_431' title='bbox 483 3159 494 3176; x_wconf 92' lang='lat'>,</span> <span class='ocrx_word' id='word_1_432' title='bbox 516 3134 566 3171; x_wconf 87' lang='lat' dir='ltr'>sed</span> <span class='ocrx_word' id='word_1_433' title='bbox 587 3146 625 3169; x_wconf 88' lang='lat' dir='ltr'>ne</span> <span class='ocrx_word' id='word_1_434' title='bbox 645 3136 728 3170; x_wconf 90' lang='lat' dir='ltr'>vitio</span> <span class='ocrx_word' id='word_1_435' title='bbox 748 3147 820 3171; x_wconf 89' lang='lat' dir='ltr'>meo</span> <span class='ocrx_word' id='word_1_436' title='bbox 834 3133 906 3170; x_wconf 76' lang='lat' dir='ltr'>mu&#39;-</span> 
     </span>
     <span class='ocr_line' id='line_1_61' title="bbox 115 3183 905 3230; baseline -0.003 -7"><span class='ocrx_word' id='word_1_437' title='bbox 115 3186 188 3224; x_wconf 86' lang='lat' dir='ltr'>riar.</span> <span class='ocrx_word' id='word_1_438' title='bbox 206 3187 241 3221; x_wconf 85' lang='lat' dir='ltr'>Si</span> <span class='ocrx_word' id='word_1_439' title='bbox 267 3184 409 3221; x_wconf 74' lang='lat' dir='ltr'>christus</span> <span class='ocrx_word' id='word_1_440' title='bbox 425 3184 508 3221; x_wconf 73' lang='lat' dir='ltr'>‘suos&#39;</span> <span class='ocrx_word' id='word_1_441' title='bbox 524 3183 650 3220; x_wconf 86' lang='lat' dir='ltr'>monuit</span> <span class='ocrx_word' id='word_1_442' title='bbox 672 3184 855 3230; x_wconf 79' lang='lat' dir='ltr'>Apostolos,</span> <span class='ocrx_word' id='word_1_443' title='bbox 870 3197 905 3221; x_wconf 88' lang='lat' dir='ltr'>vt</span> 
     </span>
     <span class='ocr_line' id='line_1_62' title="bbox 117 3231 904 3282; baseline -0.003 -10"><span class='ocrx_word' id='word_1_444' title='bbox 117 3234 248 3272; x_wconf 84' lang='lat' dir='ltr'>mutatis</span> <span class='ocrx_word' id='word_1_445' title='bbox 279 3231 410 3270; x_wconf 85' lang='lat' dir='ltr'>subinde</span> <span class='ocrx_word' id='word_1_446' title='bbox 438 3234 569 3272; x_wconf 82' lang='lat' dir='ltr'>vrbibus</span> <span class='ocrx_word' id='word_1_447' title='bbox 597 3256 609 3273; x_wconf 66' lang='lat'><em>2</em></span> <span class='ocrx_word' id='word_1_448' title='bbox 649 3231 904 3282; x_wconf 87' lang='lat' dir='ltr'>persequutorum</span> 
     </span>
     <span class='ocr_line' id='line_1_63' title="bbox 111 3282 905 3336; baseline -0.004 -13"><span class='ocrx_word' id='word_1_449' title='bbox 111 3284 241 3336; x_wconf 68' lang='lat' dir='ltr'>gladios</span> <span class='ocrx_word' id='word_1_450' title='bbox 265 3282 432 3334; x_wconf 79' lang='lat' dir='ltr'>effugerent</span> <span class='ocrx_word' id='word_1_451' title='bbox 451 3308 464 3330; x_wconf 74' lang='lat'>,</span> <span class='ocrx_word' id='word_1_452' title='bbox 482 3297 543 3334; x_wconf 84' lang='lat' dir='ltr'>ego</span> <span class='ocrx_word' id='word_1_453' title='bbox 571 3294 637 3320; x_wconf 80' lang='lat' dir='ltr'>tam</span> <span class='ocrx_word' id='word_1_454' title='bbox 665 3282 826 3331; x_wconf 78' lang='lat' dir='ltr'>capitalem</span> <span class='ocrx_word' id='word_1_455' title='bbox 844 3282 905 3320; x_wconf 85' lang='lat' dir='ltr'>ho·</span> 
     </span>
    </p>
   </div>
   <div class='ocr_carea' id='block_1_5' title="bbox 950 245 1823 3332">
    <p class='ocr_par' dir='ltr' id='par_1_7' title="bbox 958 245 1823 696">
     <span class='ocr_line' id='line_1_64' title="bbox 961 245 1823 301; baseline 0.015 -21"><span class='ocrx_word' id='word_1_456' title='bbox 961 245 1036 281; x_wconf 85' lang='lat' dir='ltr'>stem</span> <span class='ocrx_word' id='word_1_457' title='bbox 1052 273 1061 290; x_wconf 88' lang='lat'>‚</span> <span class='ocrx_word' id='word_1_458' title='bbox 1082 246 1156 283; x_wconf 68' lang='lat' dir='ltr'>cum</span> <span class='ocrx_word' id='word_1_459' title='bbox 1177 250 1348 286; x_wconf 71' lang='lat' dir='ltr'>commode}</span> <span class='ocrx_word' id='word_1_460' title='bbox 1368 264 1479 301; x_wconf 83' lang='lat' dir='ltr'>queam</span> <span class='ocrx_word' id='word_1_461' title='bbox 1494 278 1504 298; x_wconf 90' lang='lat'>,</span> <span class='ocrx_word' id='word_1_462' title='bbox 1528 265 1595 290; x_wconf 91' lang='lat' dir='ltr'>non</span> <span class='ocrx_word' id='word_1_463' title='bbox 1618 253 1759 292; x_wconf 71' lang='lat' dir='ltr'>declina·</span> <span class='ocrx_word' id='word_1_464' title='bbox 1819 247 1823 250; x_wconf 87' lang='lat'>.</span> 
     </span>
     <span class='ocr_line' id='line_1_65' title="bbox 961 296 1755 352; baseline 0.011 -20"><span class='ocrx_word' id='word_1_465' title='bbox 961 296 1004 331; x_wconf 86' lang='lat' dir='ltr'>bo</span> <span class='ocrx_word' id='word_1_466' title='bbox 1016 301 1028 334; x_wconf 74' lang='grc' dir='ltr'>ζ</span> <span class='ocrx_word' id='word_1_467' title='bbox 1043 296 1058 344; x_wconf 95' lang='lat'>]</span> <span class='ocrx_word' id='word_1_468' title='bbox 1069 300 1098 333; x_wconf 86' lang='lat' dir='ltr'><strong>E</strong></span> <span class='ocrx_word' id='word_1_469' title='bbox 1110 298 1222 335; x_wconf 85' lang='lat' dir='ltr'>nostris</span> <span class='ocrx_word' id='word_1_470' title='bbox 1231 310 1358 349; x_wconf 88' lang='lat' dir='ltr'>quoque</span> <span class='ocrx_word' id='word_1_471' title='bbox 1373 301 1466 338; x_wconf 89' lang='lat' dir='ltr'>Paris.</span> <span class='ocrx_word' id='word_1_472' title='bbox 1478 306 1507 342; x_wconf 77' lang='lat' dir='ltr'>d,</span> <span class='ocrx_word' id='word_1_473' title='bbox 1521 302 1605 348; x_wconf 81' lang='lat' dir='ltr'><em>confi.</em></span> <span class='ocrx_word' id='word_1_474' title='bbox 1622 317 1636 352; x_wconf 83' lang='lat'><em>3</em></span> <span class='ocrx_word' id='word_1_475' title='bbox 1643 317 1755 351; x_wconf 83' lang='lat' dir='ltr'>3.num.</span> 
     </span>
     <span class='ocr_line' id='line_1_66' title="bbox 963 348 1757 398; baseline 0.014 -18"><span class='ocrx_word' id='word_1_476' title='bbox 963 358 1019 383; x_wconf 61' lang='grc' dir='ltr'>ιι.</span> <span class='ocrx_word' id='word_1_477' title='bbox 1037 348 1114 382; x_wconf 83' lang='lat' dir='ltr'>dicit</span> <span class='ocrx_word' id='word_1_478' title='bbox 1136 349 1283 386; x_wconf 82' lang='lat' dir='ltr'>timorem</span> <span class='ocrx_word' id='word_1_479' title='bbox 1305 351 1395 398; x_wconf 85' lang='lat' dir='ltr'>pestis</span> <span class='ocrx_word' id='word_1_480' title='bbox 1416 351 1470 388; x_wconf 83' lang='lat' dir='ltr'>effe</span> <span class='ocrx_word' id='word_1_481' title='bbox 1495 354 1595 389; x_wconf 88' lang='lat' dir='ltr'>multa</span> <span class='ocrx_word' id='word_1_482' title='bbox 1613 353 1757 391; x_wconf 84' lang='lat' dir='ltr'>confide-</span> 
     </span>
     <span class='ocr_line' id='line_1_67' title="bbox 959 397 1755 451; baseline 0.015 -22"><span class='ocrx_word' id='word_1_483' title='bbox 959 397 1079 431; x_wconf 85' lang='lat' dir='ltr'>ratione</span> <span class='ocrx_word' id='word_1_484' title='bbox 1107 398 1241 447; x_wconf 81' lang='lat' dir='ltr'>dignum</span> <span class='ocrx_word' id='word_1_485' title='bbox 1260 426 1270 444; x_wconf 94' lang='lat'><em>,</em></span> <span class='ocrx_word' id='word_1_486' title='bbox 1295 413 1420 448; x_wconf 86' lang='lat' dir='ltr'>propter</span> <span class='ocrx_word' id='word_1_487' title='bbox 1449 403 1620 451; x_wconf 87' lang='lat' dir='ltr'>periculum</span> <span class='ocrx_word' id='word_1_488' title='bbox 1644 417 1755 440; x_wconf 82' lang='lat' dir='ltr'>conta-</span> 
     </span>
     <span class='ocr_line' id='line_1_68' title="bbox 960 447 1750 502; baseline 0.014 -23"><span class='ocrx_word' id='word_1_489' title='bbox 960 447 1066 492; x_wconf 87' lang='lat' dir='ltr'>gionis</span> <span class='ocrx_word' id='word_1_490' title='bbox 1091 471 1101 488; x_wconf 85' lang='lat'>‚</span> <span class='ocrx_word' id='word_1_491' title='bbox 1123 453 1155 483; x_wconf 71' lang='grc' dir='ltr'>δε</span> <span class='ocrx_word' id='word_1_492' title='bbox 1169 447 1341 486; x_wconf 82' lang='lat' dir='ltr'>succeffiuae</span> <span class='ocrx_word' id='word_1_493' title='bbox 1355 453 1489 495; x_wconf 88' lang='lat' dir='ltr'>mortis,</span> <span class='ocrx_word' id='word_1_494' title='bbox 1504 453 1585 488; x_wconf 82' lang='lat' dir='ltr'>Bald.</span> <span class='ocrx_word' id='word_1_495' title='bbox 1608 455 1646 493; x_wconf 65' lang='grc' dir='ltr'>ὠ·</span> <span class='ocrx_word' id='word_1_496' title='bbox 1669 454 1750 502; x_wconf 81' lang='lat' dir='ltr'>Cast.</span> 
     </span>
     <span class='ocr_line' id='line_1_69' title="bbox 960 497 1752 552; baseline 0.015 -24"><span class='ocrx_word' id='word_1_497' title='bbox 960 498 990 529; x_wconf 81' lang='lat' dir='ltr'>in</span> <span class='ocrx_word' id='word_1_498' title='bbox 1003 497 1052 530; x_wconf 76' lang='lat' dir='ltr'>lib.</span> <span class='ocrx_word' id='word_1_499' title='bbox 1068 510 1101 533; x_wconf 69' lang='grc' dir='ltr'>τ..</span> <span class='ocrx_word' id='word_1_500' title='bbox 1111 503 1148 532; x_wconf 90' lang='lat' dir='ltr'>C.</span> <span class='ocrx_word' id='word_1_501' title='bbox 1158 497 1269 544; x_wconf 76' lang='lat' dir='ltr'>desum.</span> <span class='ocrx_word' id='word_1_502' title='bbox 1282 503 1364 538; x_wconf 77' lang='lat' dir='ltr'>Trin.</span> <span class='ocrx_word' id='word_1_503' title='bbox 1392 505 1436 538; x_wconf 86' lang='lat' dir='ltr'>Et</span> <span class='ocrx_word' id='word_1_504' title='bbox 1447 502 1522 538; x_wconf 79' lang='lat' dir='ltr'>ideo</span> <span class='ocrx_word' id='word_1_505' title='bbox 1533 502 1621 539; x_wconf 88' lang='lat' dir='ltr'>locus</span> <span class='ocrx_word' id='word_1_506' title='bbox 1630 503 1752 552; x_wconf 69' lang='lat' dir='ltr'>pestifer</span> 
     </span>
     <span class='ocr_line' id='line_1_70' title="bbox 960 545 1751 600; baseline 0.011 -20"><span class='ocrx_word' id='word_1_507' title='bbox 960 559 1024 580; x_wconf 89' lang='lat' dir='ltr'>non</span> <span class='ocrx_word' id='word_1_508' title='bbox 1036 545 1152 581; x_wconf 73' lang='lat' dir='ltr'>dicitur</span> <span class='ocrx_word' id='word_1_509' title='bbox 1162 548 1217 583; x_wconf 76' lang='lat' dir='ltr'>esse</span> <span class='ocrx_word' id='word_1_510' title='bbox 1230 559 1331 594; x_wconf 81' lang='lat' dir='ltr'>tutus,</span> <span class='ocrx_word' id='word_1_511' title='bbox 1350 556 1433 587; x_wconf 78' lang='lat' dir='ltr'>Bart.</span> <span class='ocrx_word' id='word_1_512' title='bbox 1452 554 1510 587; x_wconf 73' lang='lat' dir='ltr'>int.</span> <span class='ocrx_word' id='word_1_513' title='bbox 1525 553 1558 585; x_wconf 80' lang='lat' dir='ltr'>de</span> <span class='ocrx_word' id='word_1_514' title='bbox 1569 563 1659 590; x_wconf 83' lang='lat' dir='ltr'>aetate.</span> <span class='ocrx_word' id='word_1_515' title='bbox 1671 555 1702 600; x_wconf 80' lang='lat' dir='ltr'>ff.</span> <span class='ocrx_word' id='word_1_516' title='bbox 1713 556 1751 591; x_wconf 82' lang='lat' dir='ltr'>ad</span> 
     </span>
     <span class='ocr_line' id='line_1_71' title="bbox 960 596 1750 646; baseline 0.016 -18"><span class='ocrx_word' id='word_1_517' title='bbox 960 596 1057 630; x_wconf 78' lang='lat' dir='ltr'>Trebel</span> <span class='ocrx_word' id='word_1_518' title='bbox 1078 607 1140 630; x_wconf 85' lang='lat' dir='ltr'>cum</span> <span class='ocrx_word' id='word_1_519' title='bbox 1152 601 1215 632; x_wconf 74' lang='lat' dir='ltr'>aln&#39;s</span> <span class='ocrx_word' id='word_1_520' title='bbox 1232 599 1271 632; x_wconf 70' lang='lat' dir='ltr'>ibi</span> <span class='ocrx_word' id='word_1_521' title='bbox 1284 598 1303 633; x_wconf 71' lang='grc' dir='ltr'><em>ἆ</em></span> <span class='ocrx_word' id='word_1_522' title='bbox 1314 600 1588 646; x_wconf 56' lang='grc' dir='ltr'>Ρανὶβαιίάιιὶἲία,ώ’</span> <span class='ocrx_word' id='word_1_523' title='bbox 1599 602 1619 637; x_wconf 69' lang='grc' dir='ltr'><em>ὰ</em></span> <span class='ocrx_word' id='word_1_524' title='bbox 1632 607 1750 642; x_wconf 80' lang='lat' dir='ltr'>Roland.</span> 
     </span>
     <span class='ocr_line' id='line_1_72' title="bbox 958 643 1444 696; baseline 0.014 -18"><span class='ocrx_word' id='word_1_525' title='bbox 958 643 979 678; x_wconf 71' lang='grc' dir='ltr'><em>ὰ</em></span> <span class='ocrx_word' id='word_1_526' title='bbox 996 645 1082 689; x_wconf 77' lang='lat' dir='ltr'>Valle,</span> <span class='ocrx_word' id='word_1_527' title='bbox 1092 647 1120 681; x_wconf 86' lang='lat' dir='ltr'>d.</span> <span class='ocrx_word' id='word_1_528' title='bbox 1134 646 1209 693; x_wconf 78' lang='lat' dir='ltr'>cons.</span> <span class='ocrx_word' id='word_1_529' title='bbox 1224 648 1280 683; x_wconf 83' lang='lat'>81.</span> <span class='ocrx_word' id='word_1_530' title='bbox 1293 660 1373 684; x_wconf 86' lang='lat' dir='ltr'>num.</span> <span class='ocrx_word' id='word_1_531' title='bbox 1387 664 1444 696; x_wconf 81' lang='lat'>30.</span> 
     </span>
    </p>

    <p class='ocr_par' dir='ltr' id='par_1_8' title="bbox 954 697 1754 1142">
     <span class='ocr_line' id='line_1_73' title="bbox 1019 697 1751 748; baseline 0.012 -20"><span class='ocrx_word' id='word_1_532' title='bbox 1019 697 1176 743; x_wconf 87' lang='lat' dir='ltr'>Nunquid</span> <span class='ocrx_word' id='word_1_533' title='bbox 1199 697 1295 745; x_wconf 86' lang='lat' dir='ltr'>igitur</span> <span class='ocrx_word' id='word_1_534' title='bbox 1317 701 1350 734; x_wconf 89' lang='lat' dir='ltr'>in</span> <span class='ocrx_word' id='word_1_535' title='bbox 1373 697 1528 747; x_wconf 82' lang='lat' dir='ltr'>propofita</span> <span class='ocrx_word' id='word_1_536' title='bbox 1540 699 1751 748; x_wconf 84' lang='lat' dir='ltr'>quaessionei-</span> 
     </span>
     <span class='ocr_line' id='line_1_74' title="bbox 957 740 1752 789; baseline 0.016 -13"><span class='ocrx_word' id='word_1_537' title='bbox 957 740 1029 777; x_wconf 87' lang='lat' dir='ltr'>dem</span> <span class='ocrx_word' id='word_1_538' title='bbox 1042 743 1241 782; x_wconf 86' lang='lat' dir='ltr'>statuendum</span> <span class='ocrx_word' id='word_1_539' title='bbox 1255 750 1336 784; x_wconf 60' lang='lat' dir='ltr'>erit}</span> <span class='ocrx_word' id='word_1_540' title='bbox 1352 751 1395 786; x_wconf 83' lang='lat' dir='ltr'>Et</span> <span class='ocrx_word' id='word_1_541' title='bbox 1407 749 1502 786; x_wconf 88' lang='lat' dir='ltr'>video</span> <span class='ocrx_word' id='word_1_542' title='bbox 1514 751 1548 785; x_wconf 91' lang='lat' dir='ltr'>in</span> <span class='ocrx_word' id='word_1_543' title='bbox 1559 749 1627 786; x_wconf 84' lang='lat' dir='ltr'>casu</span> <span class='ocrx_word' id='word_1_544' title='bbox 1639 752 1752 789; x_wconf 83' lang='lat' dir='ltr'>distin-</span> 
     </span>
     <span class='ocr_line' id='line_1_75' title="bbox 955 793 1752 844; baseline 0.016 -18"><span class='ocrx_word' id='word_1_545' title='bbox 955 793 1060 828; x_wconf 68' lang='lat' dir='ltr'>ctione</span> <span class='ocrx_word' id='word_1_546' title='bbox 1071 808 1149 844; x_wconf 89' lang='lat' dir='ltr'>opus</span> <span class='ocrx_word' id='word_1_547' title='bbox 1166 794 1234 832; x_wconf 70' lang='lat' dir='ltr'>esse.</span> <span class='ocrx_word' id='word_1_548' title='bbox 1261 802 1331 836; x_wconf 88' lang='lat' dir='ltr'>Aut</span> <span class='ocrx_word' id='word_1_549' title='bbox 1352 801 1436 835; x_wconf 91' lang='lat' dir='ltr'>enim</span> <span class='ocrx_word' id='word_1_550' title='bbox 1463 802 1592 836; x_wconf 85' lang='lat' dir='ltr'>maritus</span> <span class='ocrx_word' id='word_1_551' title='bbox 1617 814 1752 839; x_wconf 86' lang='lat' dir='ltr'>vxorem</span> 
     </span>
     <span class='ocr_line' id='line_1_76' title="bbox 957 843 1752 890; baseline 0.014 -12"><span class='ocrx_word' id='word_1_552' title='bbox 957 843 1037 890; x_wconf 89' lang='lat' dir='ltr'>peste</span> <span class='ocrx_word' id='word_1_553' title='bbox 1050 844 1143 881; x_wconf 56' lang='lat' dir='ltr'>ustam</span> <span class='ocrx_word' id='word_1_554' title='bbox 1158 845 1289 884; x_wconf 87' lang='lat' dir='ltr'>deseruit</span> <span class='ocrx_word' id='word_1_555' title='bbox 1302 872 1312 888; x_wconf 88' lang='lat'><em>‚</em></span> <span class='ocrx_word' id='word_1_556' title='bbox 1334 852 1366 883; x_wconf 88' lang='lat'>&amp;</span> <span class='ocrx_word' id='word_1_557' title='bbox 1386 850 1425 886; x_wconf 87' lang='lat' dir='ltr'>ad</span> <span class='ocrx_word' id='word_1_558' title='bbox 1437 847 1542 885; x_wconf 88' lang='lat' dir='ltr'>locum</span> <span class='ocrx_word' id='word_1_559' title='bbox 1554 849 1752 889; x_wconf 85' lang='lat' dir='ltr'>salubriorem</span> 
     </span>
     <span class='ocr_line' id='line_1_77' title="bbox 954 893 1752 943; baseline 0.014 -15"><span class='ocrx_word' id='word_1_560' title='bbox 954 893 984 929; x_wconf 82' lang='lat' dir='ltr'>fe</span> <span class='ocrx_word' id='word_1_561' title='bbox 995 896 1152 942; x_wconf 89' lang='lat' dir='ltr'>contulit,</span> <span class='ocrx_word' id='word_1_562' title='bbox 1175 898 1270 934; x_wconf 87' lang='lat' dir='ltr'>autin</span> <span class='ocrx_word' id='word_1_563' title='bbox 1295 898 1408 935; x_wconf 91' lang='lat' dir='ltr'>eodem</span> <span class='ocrx_word' id='word_1_564' title='bbox 1425 898 1499 934; x_wconf 89' lang='lat' dir='ltr'>loco</span> <span class='ocrx_word' id='word_1_565' title='bbox 1521 912 1624 936; x_wconf 86' lang='lat' dir='ltr'>manet</span> <span class='ocrx_word' id='word_1_566' title='bbox 1650 926 1661 943; x_wconf 86' lang='lat'>‚</span> <span class='ocrx_word' id='word_1_567' title='bbox 1678 901 1752 940; x_wconf 86' lang='lat' dir='ltr'>licet</span> 
     </span>
     <span class='ocr_line' id='line_1_78' title="bbox 955 944 1753 990; baseline 0.013 -10"><span class='ocrx_word' id='word_1_568' title='bbox 955 944 995 980; x_wconf 83' lang='lat' dir='ltr'>ad</span> <span class='ocrx_word' id='word_1_569' title='bbox 1017 958 1149 981; x_wconf 86' lang='lat' dir='ltr'>vxorem</span> <span class='ocrx_word' id='word_1_570' title='bbox 1172 949 1314 984; x_wconf 81' lang='lat' dir='ltr'>accedere</span> <span class='ocrx_word' id='word_1_571' title='bbox 1336 962 1401 985; x_wconf 90' lang='lat' dir='ltr'>non</span> <span class='ocrx_word' id='word_1_572' title='bbox 1413 951 1521 985; x_wconf 86' lang='lat' dir='ltr'>audeat</span> <span class='ocrx_word' id='word_1_573' title='bbox 1536 963 1544 984; x_wconf 77' lang='lat' dir='ltr'><strong><em>z</em></strong></span> <span class='ocrx_word' id='word_1_574' title='bbox 1559 963 1613 987; x_wconf 87' lang='lat' dir='ltr'>aut</span> <span class='ocrx_word' id='word_1_575' title='bbox 1624 954 1753 990; x_wconf 85' lang='lat' dir='ltr'>maritus</span> 
     </span>
     <span class='ocr_line' id='line_1_79' title="bbox 957 993 1754 1044; baseline 0.015 -15"><span class='ocrx_word' id='word_1_576' title='bbox 957 993 1019 1042; x_wconf 90' lang='lat' dir='ltr'>ipse</span> <span class='ocrx_word' id='word_1_577' title='bbox 1028 996 1107 1044; x_wconf 88' lang='lat' dir='ltr'>peste</span> <span class='ocrx_word' id='word_1_578' title='bbox 1118 995 1259 1040; x_wconf 81' lang='lat' dir='ltr'>laborat,</span> <span class='ocrx_word' id='word_1_579' title='bbox 1286 1000 1322 1033; x_wconf 74' lang='grc' dir='ltr'>δε</span> <span class='ocrx_word' id='word_1_580' title='bbox 1342 1012 1424 1035; x_wconf 88' lang='lat' dir='ltr'>vxor</span> <span class='ocrx_word' id='word_1_581' title='bbox 1436 1000 1520 1036; x_wconf 88' lang='lat' dir='ltr'>idem</span> <span class='ocrx_word' id='word_1_582' title='bbox 1534 1001 1636 1037; x_wconf 83' lang='lat' dir='ltr'>morbi</span> <span class='ocrx_word' id='word_1_583' title='bbox 1648 1015 1754 1040; x_wconf 81' lang='lat' dir='ltr'>metu-</span> 
     </span>
     <span class='ocr_line' id='line_1_80' title="bbox 956 1045 1752 1101; baseline 0.014 -21"><span class='ocrx_word' id='word_1_584' title='bbox 956 1045 1119 1091; x_wconf 71' lang='lat' dir='ltr'>enstestarii</span> <span class='ocrx_word' id='word_1_585' title='bbox 1128 1048 1234 1095; x_wconf 86' lang='lat' dir='ltr'>cupit,</span> <span class='ocrx_word' id='word_1_586' title='bbox 1255 1046 1307 1084; x_wconf 86' lang='lat' dir='ltr'>sed</span> <span class='ocrx_word' id='word_1_587' title='bbox 1332 1049 1627 1087; x_wconf 83' lang='lat' dir='ltr'>mariticonsensum</span> <span class='ocrx_word' id='word_1_588' title='bbox 1640 1053 1752 1101; x_wconf 86' lang='lat' dir='ltr'>postu-</span> 
     </span>
     <span class='ocr_line' id='line_1_81' title="bbox 958 1093 1456 1142; baseline 0.006 -9"><span class='ocrx_word' id='word_1_589' title='bbox 958 1093 1018 1133; x_wconf 71' lang='lat' dir='ltr'>lare</span> <span class='ocrx_word' id='word_1_590' title='bbox 1031 1094 1192 1133; x_wconf 84' lang='lat' dir='ltr'>formidat.</span> <span class='ocrx_word' id='word_1_591' title='bbox 1442 1134 1456 1142; x_wconf 62' lang='lat'><strong><em>„</em></strong></span> 
     </span>
    </p>

    <p class='ocr_par' dir='ltr' id='par_1_9' title="bbox 956 1142 1805 1445">
     <span class='ocr_line' id='line_1_82' title="bbox 1009 1142 1805 1207; baseline 0.011 -27"><span class='ocrx_word' id='word_1_592' title='bbox 1009 1147 1116 1183; x_wconf 88' lang='lat' dir='ltr'>Primo</span> <span class='ocrx_word' id='word_1_593' title='bbox 1127 1145 1195 1182; x_wconf 88' lang='lat' dir='ltr'>casu</span> <span class='ocrx_word' id='word_1_594' title='bbox 1216 1142 1239 1180; x_wconf 80' lang='lat' dir='ltr'>fi</span> <span class='ocrx_word' id='word_1_595' title='bbox 1261 1147 1389 1184; x_wconf 85' lang='lat' dir='ltr'>maritus</span> <span class='ocrx_word' id='word_1_596' title='bbox 1405 1152 1528 1189; x_wconf 75' lang='lat' dir='ltr'>metui</span> <span class='ocrx_word' id='word_1_597' title='bbox 1550 1152 1749 1200; x_wconf 81' lang='lat' dir='ltr'>contagionis</span> <span class='ocrx_word' id='word_1_598' title='bbox 1768 1159 1805 1207; x_wconf 24' lang='lat'>5·—</span> 
     </span>
     <span class='ocr_line' id='line_1_83' title="bbox 956 1196 1747 1245; baseline 0.011 -16"><span class='ocrx_word' id='word_1_599' title='bbox 956 1196 1115 1233; x_wconf 87' lang='lat' dir='ltr'>ciuitatem</span> <span class='ocrx_word' id='word_1_600' title='bbox 1134 1197 1293 1245; x_wconf 85' lang='lat' dir='ltr'>reliquerit</span> <span class='ocrx_word' id='word_1_601' title='bbox 1306 1223 1318 1242; x_wconf 92' lang='lat'>,</span> <span class='ocrx_word' id='word_1_602' title='bbox 1336 1198 1460 1236; x_wconf 88' lang='lat' dir='ltr'>videtur</span> <span class='ocrx_word' id='word_1_603' title='bbox 1472 1199 1667 1237; x_wconf 79' lang='lat' dir='ltr'>necessarium</span> <span class='ocrx_word' id='word_1_604' title='bbox 1679 1215 1747 1238; x_wconf 91' lang='lat' dir='ltr'>non</span> 
     </span>
     <span class='ocr_line' id='line_1_84' title="bbox 956 1244 1756 1295; baseline 0.006 -13"><span class='ocrx_word' id='word_1_605' title='bbox 956 1244 1030 1288; x_wconf 64' lang='lat' dir='ltr'>essE’,</span> <span class='ocrx_word' id='word_1_606' title='bbox 1054 1258 1088 1283; x_wconf 91' lang='lat' dir='ltr'>vt</span> <span class='ocrx_word' id='word_1_607' title='bbox 1100 1261 1180 1284; x_wconf 88' lang='lat' dir='ltr'>vxor</span> <span class='ocrx_word' id='word_1_608' title='bbox 1188 1245 1269 1295; x_wconf 87' lang='lat' dir='ltr'>peste</span> <span class='ocrx_word' id='word_1_609' title='bbox 1279 1245 1391 1287; x_wconf 65' lang='lat' dir='ltr'>inf-eta</span> <span class='ocrx_word' id='word_1_610' title='bbox 1401 1251 1465 1287; x_wconf 85' lang='lat' dir='ltr'>eius</span> <span class='ocrx_word' id='word_1_611' title='bbox 1476 1248 1653 1286; x_wconf 89' lang='lat' dir='ltr'>consensum</span> <span class='ocrx_word' id='word_1_612' title='bbox 1663 1251 1756 1287; x_wconf 80' lang='lat' dir='ltr'>adhi-</span> 
     </span>
     <span class='ocr_line' id='line_1_85' title="bbox 958 1295 1754 1348; baseline 0.01 -18"><span class='ocrx_word' id='word_1_613' title='bbox 958 1295 1046 1330; x_wconf 87' lang='lat' dir='ltr'>beat:</span> <span class='ocrx_word' id='word_1_614' title='bbox 1065 1311 1132 1334; x_wconf 92' lang='lat' dir='ltr'>non</span> <span class='ocrx_word' id='word_1_615' title='bbox 1155 1297 1267 1332; x_wconf 89' lang='lat' dir='ltr'>debere</span> <span class='ocrx_word' id='word_1_616' title='bbox 1290 1299 1375 1334; x_wconf 90' lang='lat' dir='ltr'>enim</span> <span class='ocrx_word' id='word_1_617' title='bbox 1397 1301 1548 1348; x_wconf 72' lang='lat' dir='ltr'>expeecari</span> <span class='ocrx_word' id='word_1_618' title='bbox 1569 1300 1754 1338; x_wconf 88' lang='lat' dir='ltr'>consensum</span> 
     </span>
     <span class='ocr_line' id='line_1_86' title="bbox 956 1345 1752 1401; baseline 0.014 -21"><span class='ocrx_word' id='word_1_619' title='bbox 956 1346 1060 1382; x_wconf 82' lang='lat' dir='ltr'>mariti</span> <span class='ocrx_word' id='word_1_620' title='bbox 1073 1347 1202 1384; x_wconf 89' lang='lat' dir='ltr'>absentis</span> <span class='ocrx_word' id='word_1_621' title='bbox 1216 1371 1226 1387; x_wconf 90' lang='lat'><em>,</em></span> <span class='ocrx_word' id='word_1_622' title='bbox 1240 1345 1262 1382; x_wconf 80' lang='lat' dir='ltr'>fi</span> <span class='ocrx_word' id='word_1_623' title='bbox 1277 1347 1451 1394; x_wconf 88' lang='lat' dir='ltr'>periculum</span> <span class='ocrx_word' id='word_1_624' title='bbox 1471 1353 1503 1387; x_wconf 91' lang='lat' dir='ltr'>in</span> <span class='ocrx_word' id='word_1_625' title='bbox 1526 1363 1615 1389; x_wconf 74' lang='lat' dir='ltr'>mora</span> <span class='ocrx_word' id='word_1_626' title='bbox 1627 1349 1676 1397; x_wconf 83' lang='lat' dir='ltr'>fit,</span> <span class='ocrx_word' id='word_1_627' title='bbox 1685 1351 1752 1401; x_wconf 75' lang='lat' dir='ltr'>sup.</span> 
     </span>
     <span class='ocr_line' id='line_1_87' title="bbox 956 1395 1481 1445; baseline 0.01 -16"><span class='ocrx_word' id='word_1_628' title='bbox 956 1405 1020 1441; x_wconf 82' lang='lat' dir='ltr'>cap.</span> <span class='ocrx_word' id='word_1_629' title='bbox 1036 1409 1067 1443; x_wconf 81' lang='lat'>4.</span> <span class='ocrx_word' id='word_1_630' title='bbox 1082 1409 1140 1444; x_wconf 89' lang='lat' dir='ltr'>pro</span> <span class='ocrx_word' id='word_1_631' title='bbox 1155 1395 1309 1432; x_wconf 83' lang='lat' dir='ltr'>constanti</span> <span class='ocrx_word' id='word_1_632' title='bbox 1318 1399 1481 1445; x_wconf 69' lang='lat' dir='ltr'>ponirrns.</span> 
     </span>
    </p>

    <p class='ocr_par' dir='ltr' id='par_1_10' title="bbox 953 1446 1753 1988">
     <span class='ocr_line' id='line_1_88' title="bbox 1006 1446 1753 1497; baseline 0.007 -15"><span class='ocrx_word' id='word_1_633' title='bbox 1006 1449 1058 1482; x_wconf 87' lang='lat' dir='ltr'>Ex</span> <span class='ocrx_word' id='word_1_634' title='bbox 1068 1446 1196 1482; x_wconf 87' lang='lat' dir='ltr'>aduerso</span> <span class='ocrx_word' id='word_1_635' title='bbox 1221 1458 1325 1481; x_wconf 84' lang='lat' dir='ltr'>tamen</span> <span class='ocrx_word' id='word_1_636' title='bbox 1340 1448 1545 1497; x_wconf 86' lang='lat' dir='ltr'>vrget,quod</span> <span class='ocrx_word' id='word_1_637' title='bbox 1556 1463 1639 1489; x_wconf 84' lang='lat' dir='ltr'>vxor</span> <span class='ocrx_word' id='word_1_638' title='bbox 1660 1448 1753 1486; x_wconf 88' lang='lat' dir='ltr'>illum</span> 
     </span>
     <span class='ocr_line' id='line_1_89' title="bbox 956 1495 1751 1545; baseline 0.005 -15"><span class='ocrx_word' id='word_1_639' title='bbox 956 1495 1057 1531; x_wconf 84' lang='lat' dir='ltr'>casum</span> <span class='ocrx_word' id='word_1_640' title='bbox 1083 1497 1249 1545; x_wconf 83' lang='lat' dir='ltr'>praeuidere</span> <span class='ocrx_word' id='word_1_641' title='bbox 1269 1495 1402 1539; x_wconf 88' lang='lat' dir='ltr'>debuit,</span> <span class='ocrx_word' id='word_1_642' title='bbox 1425 1499 1500 1534; x_wconf 69' lang='lat' dir='ltr'>curn</span> <span class='ocrx_word' id='word_1_643' title='bbox 1520 1499 1617 1536; x_wconf 71' lang='lat' dir='ltr'>sciret</span> <span class='ocrx_word' id='word_1_644' title='bbox 1640 1499 1751 1535; x_wconf 88' lang='lat' dir='ltr'>iustam</span> 
     </span>
     <span class='ocr_line' id='line_1_90' title="bbox 953 1543 1751 1596; baseline 0.006 -17"><span class='ocrx_word' id='word_1_645' title='bbox 953 1543 1034 1594; x_wconf 83' lang='lat' dir='ltr'>fugae</span> <span class='ocrx_word' id='word_1_646' title='bbox 1056 1546 1175 1582; x_wconf 81' lang='lat' dir='ltr'>causam</span> <span class='ocrx_word' id='word_1_647' title='bbox 1194 1545 1250 1582; x_wconf 72' lang='lat' dir='ltr'>esse</span> <span class='ocrx_word' id='word_1_648' title='bbox 1282 1548 1479 1596; x_wconf 83' lang='lat' dir='ltr'>contagionis</span> <span class='ocrx_word' id='word_1_649' title='bbox 1500 1562 1634 1586; x_wconf 86' lang='lat' dir='ltr'>metum.</span> <span class='ocrx_word' id='word_1_650' title='bbox 1657 1551 1751 1586; x_wconf 86' lang='lat' dir='ltr'>Tum</span> 
     </span>
     <span class='ocr_line' id='line_1_91' title="bbox 954 1595 1750 1647; baseline 0.008 -17"><span class='ocrx_word' id='word_1_651' title='bbox 954 1595 1029 1630; x_wconf 73' lang='lat' dir='ltr'>vero</span> <span class='ocrx_word' id='word_1_652' title='bbox 1064 1607 1206 1643; x_wconf 85' lang='lat' dir='ltr'>tempore</span> <span class='ocrx_word' id='word_1_653' title='bbox 1241 1596 1330 1645; x_wconf 82' lang='lat' dir='ltr'>pestis</span> <span class='ocrx_word' id='word_1_654' title='bbox 1349 1601 1524 1635; x_wconf 81' lang='lat' dir='ltr'>maximum</span> <span class='ocrx_word' id='word_1_655' title='bbox 1547 1599 1589 1635; x_wconf 89' lang='lat' dir='ltr'>est</span> <span class='ocrx_word' id='word_1_656' title='bbox 1625 1602 1750 1647; x_wconf 84' lang='lat' dir='ltr'>pericu-</span> 
     </span>
     <span class='ocr_line' id='line_1_92' title="bbox 953 1644 1752 1695; baseline 0.006 -16"><span class='ocrx_word' id='word_1_657' title='bbox 953 1644 1020 1680; x_wconf 89' lang='lat' dir='ltr'>lum</span> <span class='ocrx_word' id='word_1_658' title='bbox 1040 1672 1052 1691; x_wconf 89' lang='lat'>,</span> <span class='ocrx_word' id='word_1_659' title='bbox 1075 1660 1113 1682; x_wconf 90' lang='lat' dir='ltr'>ne</span> <span class='ocrx_word' id='word_1_660' title='bbox 1145 1658 1227 1682; x_wconf 84' lang='lat' dir='ltr'>vxor</span> <span class='ocrx_word' id='word_1_661' title='bbox 1248 1648 1427 1695; x_wconf 83' lang='lat' dir='ltr'>importuna</span> <span class='ocrx_word' id='word_1_662' title='bbox 1456 1648 1664 1686; x_wconf 79' lang='lat' dir='ltr'>solicitatione</span> <span class='ocrx_word' id='word_1_663' title='bbox 1693 1662 1752 1684; x_wconf 89' lang='lat' dir='ltr'>eo-</span> 
     </span>
     <span class='ocr_line' id='line_1_93' title="bbox 954 1695 1752 1747; baseline 0.004 -17"><span class='ocrx_word' id='word_1_664' title='bbox 954 1707 1047 1740; x_wconf 89' lang='lat' dir='ltr'>rum,</span> <span class='ocrx_word' id='word_1_665' title='bbox 1067 1695 1122 1744; x_wconf 90' lang='lat' dir='ltr'>qui</span> <span class='ocrx_word' id='word_1_666' title='bbox 1143 1698 1172 1731; x_wconf 89' lang='lat' dir='ltr'>ei</span> <span class='ocrx_word' id='word_1_667' title='bbox 1194 1695 1391 1740; x_wconf 86' lang='lat' dir='ltr'>ministrant,</span> <span class='ocrx_word' id='word_1_668' title='bbox 1418 1702 1451 1733; x_wconf 88' lang='lat'>&amp;</span> <span class='ocrx_word' id='word_1_669' title='bbox 1476 1696 1537 1733; x_wconf 83' lang='lat' dir='ltr'>fine</span> <span class='ocrx_word' id='word_1_670' title='bbox 1561 1698 1676 1747; x_wconf 85' lang='lat' dir='ltr'>quibus</span> <span class='ocrx_word' id='word_1_671' title='bbox 1695 1697 1752 1733; x_wconf 66' lang='lat' dir='ltr'>esse</span> 
     </span>
     <span class='ocr_line' id='line_1_94' title="bbox 955 1745 1750 1792; baseline 0.003 -11"><span class='ocrx_word' id='word_1_672' title='bbox 955 1752 1024 1781; x_wconf 75' lang='lat' dir='ltr'>non·</span> <span class='ocrx_word' id='word_1_673' title='bbox 1040 1745 1161 1792; x_wconf 88' lang='lat' dir='ltr'>potest,</span> <span class='ocrx_word' id='word_1_674' title='bbox 1179 1754 1288 1780; x_wconf 91' lang='lat' dir='ltr'>contra</span> <span class='ocrx_word' id='word_1_675' title='bbox 1314 1747 1410 1781; x_wconf 88' lang='lat' dir='ltr'>animi</span> <span class='ocrx_word' id='word_1_676' title='bbox 1423 1746 1467 1782; x_wconf 87' lang='lat' dir='ltr'>sui</span> <span class='ocrx_word' id='word_1_677' title='bbox 1493 1746 1677 1784; x_wconf 83' lang='lat' dir='ltr'>sententiam</span> <span class='ocrx_word' id='word_1_678' title='bbox 1701 1760 1750 1783; x_wconf 87' lang='lat' dir='ltr'>te·</span> 
     </span>
     <span class='ocr_line' id='line_1_95' title="bbox 955 1792 1753 1847; baseline 0.004 -16"><span class='ocrx_word' id='word_1_679' title='bbox 955 1795 1022 1831; x_wconf 80' lang='lat' dir='ltr'>stari</span> <span class='ocrx_word' id='word_1_680' title='bbox 1042 1801 1171 1845; x_wconf 75' lang='lat' dir='ltr'>cogatur</span> <span class='ocrx_word' id='word_1_681' title='bbox 1184 1820 1195 1838; x_wconf 91' lang='lat'><strong>,</strong></span> <span class='ocrx_word' id='word_1_682' title='bbox 1218 1792 1292 1830; x_wconf 62' lang='lat' dir='ltr'>cum</span> <span class='ocrx_word' id='word_1_683' title='bbox 1312 1797 1399 1843; x_wconf 88' lang='lat' dir='ltr'>pauci</span> <span class='ocrx_word' id='word_1_684' title='bbox 1420 1797 1502 1845; x_wconf 89' lang='lat' dir='ltr'>apud</span> <span class='ocrx_word' id='word_1_685' title='bbox 1528 1811 1582 1833; x_wconf 88' lang='lat' dir='ltr'>eos</span> <span class='ocrx_word' id='word_1_686' title='bbox 1599 1800 1653 1846; x_wconf 92' lang='lat' dir='ltr'>qui</span> <span class='ocrx_word' id='word_1_687' title='bbox 1671 1798 1753 1847; x_wconf 83' lang='lat' dir='ltr'>peste</span> 
     </span>
     <span class='ocr_line' id='line_1_96' title="bbox 955 1844 1753 1893; baseline 0.004 -14"><span class='ocrx_word' id='word_1_688' title='bbox 955 1844 1116 1890; x_wconf 88' lang='lat' dir='ltr'>laborant,</span> <span class='ocrx_word' id='word_1_689' title='bbox 1139 1845 1262 1893; x_wconf 88' lang='lat' dir='ltr'>reperiri</span> <span class='ocrx_word' id='word_1_690' title='bbox 1290 1845 1406 1882; x_wconf 86' lang='lat' dir='ltr'>soleant</span> <span class='ocrx_word' id='word_1_691' title='bbox 1435 1860 1444 1881; x_wconf 89' lang='lat'>:</span> <span class='ocrx_word' id='word_1_692' title='bbox 1469 1847 1550 1883; x_wconf 91' lang='lat' dir='ltr'>vnde</span> <span class='ocrx_word' id='word_1_693' title='bbox 1573 1847 1628 1883; x_wconf 91' lang='lat' dir='ltr'>vbi</span> <span class='ocrx_word' id='word_1_694' title='bbox 1651 1849 1753 1884; x_wconf 83' lang='lat' dir='ltr'>maius</span> 
     </span>
     <span class='ocr_line' id='line_1_97' title="bbox 954 1893 1752 1946; baseline 0.003 -15"><span class='ocrx_word' id='word_1_695' title='bbox 954 1895 997 1931; x_wconf 86' lang='lat' dir='ltr'>est</span> <span class='ocrx_word' id='word_1_696' title='bbox 1017 1893 1189 1941; x_wconf 84' lang='lat' dir='ltr'>periculum</span> <span class='ocrx_word' id='word_1_697' title='bbox 1200 1895 1265 1938; x_wconf 87' lang='lat' dir='ltr'>,ibi</span> <span class='ocrx_word' id='word_1_698' title='bbox 1290 1896 1410 1931; x_wconf 88' lang='lat' dir='ltr'>cautius</span> <span class='ocrx_word' id='word_1_699' title='bbox 1429 1895 1473 1933; x_wconf 88' lang='lat' dir='ltr'>est</span> <span class='ocrx_word' id='word_1_700' title='bbox 1493 1896 1649 1946; x_wconf 83' lang='lat' dir='ltr'>agendum</span> <span class='ocrx_word' id='word_1_701' title='bbox 1663 1907 1752 1945; x_wconf 59' lang='grc' dir='ltr'>,ιαμ</span> 
     </span>
     <span class='ocr_line' id='line_1_98' title="bbox 956 1946 1413 1988; baseline 0.004 -8"><span class='ocrx_word' id='word_1_702' title='bbox 956 1947 1003 1980; x_wconf 78' lang='lat' dir='ltr'>vbi</span> <span class='ocrx_word' id='word_1_703' title='bbox 1013 1948 1179 1988; x_wconf 71' lang='lat' dir='ltr'>periculum.</span> <span class='ocrx_word' id='word_1_704' title='bbox 1192 1946 1224 1979; x_wconf 85' lang='lat' dir='ltr'>de</span> <span class='ocrx_word' id='word_1_705' title='bbox 1235 1948 1302 1980; x_wconf 61' lang='lat' dir='ltr'>ele&amp;</span> <span class='ocrx_word' id='word_1_706' title='bbox 1315 1947 1366 1981; x_wconf 82' lang='lat' dir='ltr'>lib.</span> <span class='ocrx_word' id='word_1_707' title='bbox 1379 1950 1413 1982; x_wconf 91' lang='lat'>6.</span> 
     </span>
    </p>

    <p class='ocr_par' dir='ltr' id='par_1_11' title="bbox 950 1993 1805 3332">
     <span class='ocr_line' id='line_1_99' title="bbox 1007 1993 1754 2046; baseline 0.008 -18"><span class='ocrx_word' id='word_1_708' title='bbox 1007 1996 1093 2030; x_wconf 87' lang='lat' dir='ltr'>Prior</span> <span class='ocrx_word' id='word_1_709' title='bbox 1112 1995 1224 2043; x_wconf 90' lang='lat' dir='ltr'>opinio</span> <span class='ocrx_word' id='word_1_710' title='bbox 1239 1993 1309 2043; x_wconf 87' lang='lat' dir='ltr'>plus</span> <span class='ocrx_word' id='word_1_711' title='bbox 1330 1995 1488 2043; x_wconf 80' lang='lat' dir='ltr'>aequitatis</span> <span class='ocrx_word' id='word_1_712' title='bbox 1501 1995 1594 2033; x_wconf 88' lang='lat' dir='ltr'>habet</span> <span class='ocrx_word' id='word_1_713' title='bbox 1607 2022 1620 2041; x_wconf 92' lang='lat'>,</span> <span class='ocrx_word' id='word_1_714' title='bbox 1639 2008 1754 2046; x_wconf 88' lang='lat' dir='ltr'>vtpote</span> 
     </span>
     <span class='ocr_line' id='line_1_100' title="bbox 955 2043 1753 2094; baseline 0.006 -16"><span class='ocrx_word' id='word_1_715' title='bbox 955 2055 1023 2091; x_wconf 90' lang='lat' dir='ltr'>quae</span> <span class='ocrx_word' id='word_1_716' title='bbox 1043 2043 1142 2081; x_wconf 85' lang='lat' dir='ltr'>faueat</span> <span class='ocrx_word' id='word_1_717' title='bbox 1162 2043 1350 2081; x_wconf 78' lang='lat' dir='ltr'>testamentis</span> <span class='ocrx_word' id='word_1_718' title='bbox 1365 2071 1375 2089; x_wconf 96' lang='lat'>,</span> <span class='ocrx_word' id='word_1_719' title='bbox 1398 2057 1534 2094; x_wconf 88' lang='lat' dir='ltr'>quorum</span> <span class='ocrx_word' id='word_1_720' title='bbox 1557 2045 1753 2084; x_wconf 89' lang='lat' dir='ltr'>conseruatio</span> 
     </span>
     <span class='ocr_line' id='line_1_101' title="bbox 954 2091 1754 2144; baseline 0.009 -17"><span class='ocrx_word' id='word_1_721' title='bbox 954 2091 1109 2141; x_wconf 87' lang='lat' dir='ltr'>publicam</span> <span class='ocrx_word' id='word_1_722' title='bbox 1134 2093 1252 2141; x_wconf 82' lang='lat' dir='ltr'>respicit</span> <span class='ocrx_word' id='word_1_723' title='bbox 1287 2093 1454 2132; x_wconf 83' lang='lat' dir='ltr'>vtilitatem</span> <span class='ocrx_word' id='word_1_724' title='bbox 1467 2121 1477 2139; x_wconf 94' lang='lat'>,</span> <span class='ocrx_word' id='word_1_725' title='bbox 1498 2098 1518 2131; x_wconf 84' lang='lat'>1.</span> <span class='ocrx_word' id='word_1_726' title='bbox 1533 2098 1577 2132; x_wconf 71' lang='lat' dir='ltr'>vel</span> <span class='ocrx_word' id='word_1_727' title='bbox 1595 2108 1702 2143; x_wconf 81' lang='lat' dir='ltr'>negare</span> <span class='ocrx_word' id='word_1_728' title='bbox 1713 2095 1754 2144; x_wconf 81' lang='lat' dir='ltr'>ff.</span> 
     </span>
     <span class='ocr_line' id='line_1_102' title="bbox 954 2143 1755 2194; baseline 0.007 -18"><span class='ocrx_word' id='word_1_729' title='bbox 954 2145 1111 2188; x_wconf 85' lang='lat' dir='ltr'>quemadm.</span> <span class='ocrx_word' id='word_1_730' title='bbox 1127 2143 1189 2192; x_wconf 76' lang='lat' dir='ltr'>test.</span> <span class='ocrx_word' id='word_1_731' title='bbox 1201 2153 1275 2189; x_wconf 83' lang='lat' dir='ltr'>apet.</span> <span class='ocrx_word' id='word_1_732' title='bbox 1290 2145 1334 2180; x_wconf 80' lang='lat' dir='ltr'>ita</span> <span class='ocrx_word' id='word_1_733' title='bbox 1356 2156 1391 2181; x_wconf 93' lang='lat' dir='ltr'>vt</span> <span class='ocrx_word' id='word_1_734' title='bbox 1413 2148 1447 2182; x_wconf 92' lang='lat' dir='ltr'>in</span> <span class='ocrx_word' id='word_1_735' title='bbox 1469 2145 1575 2193; x_wconf 82' lang='lat' dir='ltr'>dubijs</span> <span class='ocrx_word' id='word_1_736' title='bbox 1588 2159 1622 2182; x_wconf 90' lang='lat' dir='ltr'>ea</span> <span class='ocrx_word' id='word_1_737' title='bbox 1641 2148 1755 2194; x_wconf 90' lang='lat' dir='ltr'>opinio</span> 
     </span>
     <span class='ocr_line' id='line_1_103' title="bbox 954 2191 1754 2243; baseline 0.006 -16"><span class='ocrx_word' id='word_1_738' title='bbox 954 2194 1093 2230; x_wconf 49' lang='lat' dir='ltr'>tenenda*</span> <span class='ocrx_word' id='word_1_739' title='bbox 1114 2192 1149 2229; x_wconf 82' lang='lat' dir='ltr'>fit</span> <span class='ocrx_word' id='word_1_740' title='bbox 1162 2205 1251 2240; x_wconf 80' lang='lat' dir='ltr'>,quae</span> <span class='ocrx_word' id='word_1_741' title='bbox 1276 2191 1350 2230; x_wconf 87' lang='lat' dir='ltr'>facit</span> <span class='ocrx_word' id='word_1_742' title='bbox 1361 2207 1419 2243; x_wconf 90' lang='lat' dir='ltr'>pro</span> <span class='ocrx_word' id='word_1_743' title='bbox 1440 2196 1559 2232; x_wconf 84' lang='lat' dir='ltr'>testam.</span> <span class='ocrx_word' id='word_1_744' title='bbox 1571 2198 1594 2232; x_wconf 85' lang='lat' dir='ltr'>l.</span> <span class='ocrx_word' id='word_1_745' title='bbox 1599 2195 1627 2242; x_wconf 85' lang='lat' dir='ltr'>Ji</span> <span class='ocrx_word' id='word_1_746' title='bbox 1633 2194 1754 2242; x_wconf 69' lang='lat' dir='ltr'>parsff.</span> 
     </span>
     <span class='ocr_line' id='line_1_104' title="bbox 953 2241 1754 2293; baseline 0.005 -17"><span class='ocrx_word' id='word_1_747' title='bbox 953 2244 985 2276; x_wconf 81' lang='lat' dir='ltr'>de</span> <span class='ocrx_word' id='word_1_748' title='bbox 996 2242 1076 2288; x_wconf 78' lang='lat' dir='ltr'>inoff.</span> <span class='ocrx_word' id='word_1_749' title='bbox 1090 2241 1153 2289; x_wconf 77' lang='lat' dir='ltr'>test.</span> <span class='ocrx_word' id='word_1_750' title='bbox 1168 2245 1240 2288; x_wconf 85' lang='lat' dir='ltr'>Ripa</span> <span class='ocrx_word' id='word_1_751' title='bbox 1254 2244 1280 2277; x_wconf 84' lang='lat' dir='ltr'>d.</span> <span class='ocrx_word' id='word_1_752' title='bbox 1293 2246 1369 2284; x_wconf 84' lang='lat' dir='ltr'>loco,</span> <span class='ocrx_word' id='word_1_753' title='bbox 1385 2255 1494 2293; x_wconf 81' lang='lat' dir='ltr'>num.3.</span> <span class='ocrx_word' id='word_1_754' title='bbox 1509 2245 1634 2282; x_wconf 52' lang='lat' dir='ltr'>Rolanni</span> <span class='ocrx_word' id='word_1_755' title='bbox 1648 2247 1711 2280; x_wconf 70' lang='grc' dir='ltr'>ναὶ.</span> <span class='ocrx_word' id='word_1_756' title='bbox 1723 2246 1754 2280; x_wconf 73' lang='lat' dir='ltr'>d.</span> 
     </span>
     <span class='ocr_line' id='line_1_105' title="bbox 953 2293 1758 2343; baseline 0.006 -18"><span class='ocrx_word' id='word_1_757' title='bbox 953 2294 1032 2337; x_wconf 75' lang='lat' dir='ltr'>loco,</span> <span class='ocrx_word' id='word_1_758' title='bbox 1046 2304 1151 2340; x_wconf 79' lang='lat' dir='ltr'>num.4</span> <span class='ocrx_word' id='word_1_759' title='bbox 1158 2307 1170 2338; x_wconf 84' lang='lat'><em>3</em></span> <span class='ocrx_word' id='word_1_760' title='bbox 1179 2318 1187 2326; x_wconf 90' lang='lat'><strong>.</strong></span> <span class='ocrx_word' id='word_1_761' title='bbox 1200 2296 1312 2341; x_wconf 88' lang='lat' dir='ltr'>Neque</span> <span class='ocrx_word' id='word_1_762' title='bbox 1323 2293 1421 2330; x_wconf 88' lang='lat' dir='ltr'>obstat</span> <span class='ocrx_word' id='word_1_763' title='bbox 1433 2294 1521 2343; x_wconf 91' lang='lat' dir='ltr'>quod</span> <span class='ocrx_word' id='word_1_764' title='bbox 1532 2293 1758 2337; x_wconf 89' lang='lat' dir='ltr'>dicitur‚vxo-</span> 
     </span>
     <span class='ocr_line' id='line_1_106' title="bbox 955 2341 1793 2402; baseline 0.008 -27"><span class='ocrx_word' id='word_1_765' title='bbox 955 2353 1020 2376; x_wconf 87' lang='lat' dir='ltr'>rem</span> <span class='ocrx_word' id='word_1_766' title='bbox 1042 2346 1066 2386; x_wconf 93' lang='lat'>†</span> <span class='ocrx_word' id='word_1_767' title='bbox 1085 2341 1220 2377; x_wconf 83' lang='lat' dir='ltr'>debuisse</span> <span class='ocrx_word' id='word_1_768' title='bbox 1239 2343 1410 2390; x_wconf 81' lang='lat' dir='ltr'>praeuidere</span> <span class='ocrx_word' id='word_1_769' title='bbox 1432 2342 1614 2381; x_wconf 86' lang='lat' dir='ltr'>huiusmodi</span> <span class='ocrx_word' id='word_1_770' title='bbox 1637 2342 1750 2382; x_wconf 78' lang='lat' dir='ltr'>casum.</span> <span class='ocrx_word' id='word_1_771' title='bbox 1769 2370 1793 2402; x_wconf 72' lang='lat'>6</span> 
     </span>
     <span class='ocr_line' id='line_1_107' title="bbox 955 2391 1805 2443; baseline 0.006 -17"><span class='ocrx_word' id='word_1_772' title='bbox 955 2393 1034 2426; x_wconf 93' lang='lat' dir='ltr'>Non</span> <span class='ocrx_word' id='word_1_773' title='bbox 1054 2395 1140 2427; x_wconf 90' lang='lat' dir='ltr'>enim</span> <span class='ocrx_word' id='word_1_774' title='bbox 1162 2391 1273 2428; x_wconf 88' lang='lat' dir='ltr'>debuit</span> <span class='ocrx_word' id='word_1_775' title='bbox 1285 2394 1423 2441; x_wconf 84' lang='lat' dir='ltr'>cogitare</span> <span class='ocrx_word' id='word_1_776' title='bbox 1443 2393 1534 2443; x_wconf 86' lang='lat' dir='ltr'>quod</span> <span class='ocrx_word' id='word_1_777' title='bbox 1545 2407 1600 2430; x_wconf 85' lang='lat' dir='ltr'>aut</span> <span class='ocrx_word' id='word_1_778' title='bbox 1623 2395 1752 2431; x_wconf 81' lang='lat' dir='ltr'>maritus</span> <span class='ocrx_word' id='word_1_779' title='bbox 1793 2391 1805 2401; x_wconf 78' lang='grc'><strong>”</strong></span> 
     </span>
     <span class='ocr_line' id='line_1_108' title="bbox 959 2440 1749 2489; baseline 0.004 -14"><span class='ocrx_word' id='word_1_780' title='bbox 959 2440 1113 2477; x_wconf 87' lang='lat' dir='ltr'>recederet</span> <span class='ocrx_word' id='word_1_781' title='bbox 1136 2442 1154 2476; x_wconf 73' lang='lat' dir='ltr'>a</span> <span class='ocrx_word' id='word_1_782' title='bbox 1175 2443 1378 2489; x_wconf 74' lang='lat' dir='ltr'>promissione</span> <span class='ocrx_word' id='word_1_783' title='bbox 1398 2443 1430 2478; x_wconf 92' lang='lat' dir='ltr'>in</span> <span class='ocrx_word' id='word_1_784' title='bbox 1456 2446 1617 2480; x_wconf 54' lang='lat' dir='ltr'>contra&amp;</span> <span class='ocrx_word' id='word_1_785' title='bbox 1640 2445 1749 2481; x_wconf 73' lang='lat' dir='ltr'>matri-</span> 
     </span>
     <span class='ocr_line' id='line_1_109' title="bbox 955 2490 1751 2538; baseline 0.004 -13"><span class='ocrx_word' id='word_1_786' title='bbox 955 2491 1075 2537; x_wconf 86' lang='lat' dir='ltr'>monij,</span> <span class='ocrx_word' id='word_1_787' title='bbox 1088 2496 1120 2527; x_wconf 87' lang='lat'>&amp;</span> <span class='ocrx_word' id='word_1_788' title='bbox 1146 2490 1223 2527; x_wconf 72' lang='lat' dir='ltr'>facie</span> <span class='ocrx_word' id='word_1_789' title='bbox 1242 2491 1384 2528; x_wconf 83' lang='lat' dir='ltr'>Ecclefiae</span> <span class='ocrx_word' id='word_1_790' title='bbox 1404 2491 1504 2538; x_wconf 66' lang='lat' dir='ltr'>facta,</span> <span class='ocrx_word' id='word_1_791' title='bbox 1524 2493 1564 2530; x_wconf 93' lang='lat' dir='ltr'>de</span> <span class='ocrx_word' id='word_1_792' title='bbox 1575 2506 1639 2529; x_wconf 91' lang='lat' dir='ltr'>non</span> <span class='ocrx_word' id='word_1_793' title='bbox 1661 2492 1751 2529; x_wconf 87' lang='lat' dir='ltr'>dese-</span> 
     </span>
     <span class='ocr_line' id='line_1_110' title="bbox 954 2539 1751 2591; baseline 0 -16"><span class='ocrx_word' id='word_1_794' title='bbox 954 2539 1053 2576; x_wconf 91' lang='lat' dir='ltr'>rendo</span> <span class='ocrx_word' id='word_1_795' title='bbox 1085 2554 1153 2577; x_wconf 91' lang='lat' dir='ltr'>eam</span> <span class='ocrx_word' id='word_1_796' title='bbox 1173 2554 1300 2590; x_wconf 86' lang='lat' dir='ltr'>propter</span> <span class='ocrx_word' id='word_1_797' title='bbox 1328 2554 1549 2591; x_wconf 88' lang='lat' dir='ltr'>quamcunque</span> <span class='ocrx_word' id='word_1_798' title='bbox 1580 2541 1751 2578; x_wconf 79' lang='lat' dir='ltr'>infirmita-</span> 
     </span>
     <span class='ocr_line' id='line_1_111' title="bbox 953 2591 1744 2640; baseline 0.004 -15"><span class='ocrx_word' id='word_1_799' title='bbox 953 2601 1016 2625; x_wconf 88' lang='lat' dir='ltr'>tem</span> <span class='ocrx_word' id='word_1_800' title='bbox 1029 2592 1153 2639; x_wconf 87' lang='lat' dir='ltr'>corpori</span> <span class='ocrx_word' id='word_1_801' title='bbox 1167 2591 1249 2628; x_wconf 86' lang='lat' dir='ltr'>illius</span> <span class='ocrx_word' id='word_1_802' title='bbox 1266 2591 1459 2629; x_wconf 82' lang='lat' dir='ltr'>accidentem</span> <span class='ocrx_word' id='word_1_803' title='bbox 1473 2617 1484 2633; x_wconf 92' lang='lat'>‚</span> <span class='ocrx_word' id='word_1_804' title='bbox 1499 2591 1647 2640; x_wconf 87' lang='lat' dir='ltr'>autquod</span> <span class='ocrx_word' id='word_1_805' title='bbox 1660 2591 1744 2628; x_wconf 87' lang='lat' dir='ltr'>casus</span> 
     </span>
     <span class='ocr_line' id='line_1_112' title="bbox 953 2640 1743 2677; baseline 0.003 -2"><span class='ocrx_word' id='word_1_806' title='bbox 953 2651 1018 2675; x_wconf 82' lang='lat' dir='ltr'>tarn</span> <span class='ocrx_word' id='word_1_807' title='bbox 1051 2641 1144 2676; x_wconf 86' lang='lat' dir='ltr'>tristis</span> <span class='ocrx_word' id='word_1_808' title='bbox 1166 2642 1304 2677; x_wconf 88' lang='lat' dir='ltr'>eueniret</span> <span class='ocrx_word' id='word_1_809' title='bbox 1314 2641 1428 2677; x_wconf 89' lang='lat' dir='ltr'>tristem</span> <span class='ocrx_word' id='word_1_810' title='bbox 1441 2642 1525 2676; x_wconf 91' lang='lat' dir='ltr'>enim</span> <span class='ocrx_word' id='word_1_811' title='bbox 1546 2640 1647 2676; x_wconf 82' lang='lat' dir='ltr'>&#39;casum</span> <span class='ocrx_word' id='word_1_812' title='bbox 1682 2640 1743 2677; x_wconf 81' lang='lat' dir='ltr'>ho-</span> 
     </span>
     <span class='ocr_line' id='line_1_113' title="bbox 954 2689 1743 2738; baseline 0.006 -16"><span class='ocrx_word' id='word_1_813' title='bbox 954 2689 1076 2724; x_wconf 89' lang='lat' dir='ltr'>minum</span> <span class='ocrx_word' id='word_1_814' title='bbox 1096 2689 1260 2725; x_wconf 84' lang='lat' dir='ltr'>velrerum</span> <span class='ocrx_word' id='word_1_815' title='bbox 1284 2703 1379 2725; x_wconf 88' lang='lat' dir='ltr'>nemo</span> <span class='ocrx_word' id='word_1_816' title='bbox 1399 2691 1581 2737; x_wconf 47' lang='lat' dir='ltr'>expectare,</span> <span class='ocrx_word' id='word_1_817' title='bbox 1606 2701 1659 2726; x_wconf 84' lang='lat' dir='ltr'>aut</span> <span class='ocrx_word' id='word_1_818' title='bbox 1681 2703 1743 2738; x_wconf 83' lang='lat' dir='ltr'>prae</span> 
     </span>
     <span class='ocr_line' id='line_1_114' title="bbox 953 2736 1745 2786; baseline 0.008 -15"><span class='ocrx_word' id='word_1_819' title='bbox 953 2736 1051 2773; x_wconf 85' lang='lat' dir='ltr'>oculis</span> <span class='ocrx_word' id='word_1_820' title='bbox 1065 2737 1174 2774; x_wconf 85' lang='lat' dir='ltr'>habere</span> <span class='ocrx_word' id='word_1_821' title='bbox 1188 2740 1331 2786; x_wconf 84' lang='lat' dir='ltr'>cogitur,</span> <span class='ocrx_word' id='word_1_822' title='bbox 1344 2741 1440 2774; x_wconf 73' lang='lat' dir='ltr'>linter</span> <span class='ocrx_word' id='word_1_823' title='bbox 1447 2738 1644 2785; x_wconf 67' lang='lat' dir='ltr'>stipulante-m.</span> <span class='ocrx_word' id='word_1_824' title='bbox 1655 2742 1685 2786; x_wconf 65' lang='grc' dir='ltr'>ξ.</span> <span class='ocrx_word' id='word_1_825' title='bbox 1693 2740 1745 2786; x_wconf 81' lang='lat' dir='ltr'>sa-</span> 
     </span>
     <span class='ocr_line' id='line_1_115' title="bbox 955 2786 1741 2836; baseline 0.005 -14"><span class='ocrx_word' id='word_1_826' title='bbox 955 2798 995 2823; x_wconf 82' lang='lat' dir='ltr'>cr.</span> <span class='ocrx_word' id='word_1_827' title='bbox 1005 2786 1038 2833; x_wconf 80' lang='lat' dir='ltr'>ff.</span> <span class='ocrx_word' id='word_1_828' title='bbox 1051 2789 1082 2821; x_wconf 80' lang='lat' dir='ltr'>de</span> <span class='ocrx_word' id='word_1_829' title='bbox 1096 2799 1156 2823; x_wconf 77' lang='lat' dir='ltr'>ver.</span> <span class='ocrx_word' id='word_1_830' title='bbox 1168 2789 1224 2823; x_wconf 77' lang='lat'><em>0111.</em></span> <span class='ocrx_word' id='word_1_831' title='bbox 1253 2787 1388 2824; x_wconf 67' lang='lat' dir='ltr'>maxime</span> <span class='ocrx_word' id='word_1_832' title='bbox 1399 2787 1452 2824; x_wconf 90' lang='lat' dir='ltr'>vbi</span> <span class='ocrx_word' id='word_1_833' title='bbox 1465 2787 1515 2824; x_wconf 92' lang='lat' dir='ltr'>vel</span> <span class='ocrx_word' id='word_1_834' title='bbox 1528 2787 1610 2824; x_wconf 89' lang='lat' dir='ltr'>nulla</span> <span class='ocrx_word' id='word_1_835' title='bbox 1630 2789 1719 2836; x_wconf 82' lang='lat' dir='ltr'>pestis</span> <span class='ocrx_word' id='word_1_836' title='bbox 1729 2819 1741 2833; x_wconf 87' lang='grc'><strong>,</strong></span> 
     </span>
     <span class='ocr_line' id='line_1_116' title="bbox 954 2835 1738 2887; baseline 0.005 -16"><span class='ocrx_word' id='word_1_837' title='bbox 954 2835 1003 2871; x_wconf 84' lang='lat' dir='ltr'>vel</span> <span class='ocrx_word' id='word_1_838' title='bbox 1024 2836 1154 2872; x_wconf 80' lang='lat' dir='ltr'>leuicula</span> <span class='ocrx_word' id='word_1_839' title='bbox 1168 2861 1177 2879; x_wconf 88' lang='lat'><em>,</em></span> <span class='ocrx_word' id='word_1_840' title='bbox 1199 2841 1230 2872; x_wconf 66' lang='grc' dir='ltr'>ὅ(</span> <span class='ocrx_word' id='word_1_841' title='bbox 1245 2838 1299 2873; x_wconf 88' lang='lat' dir='ltr'>vix</span> <span class='ocrx_word' id='word_1_842' title='bbox 1320 2835 1562 2875; x_wconf 73' lang='lat' dir='ltr'>consideratione</span> <span class='ocrx_word' id='word_1_843' title='bbox 1579 2837 1671 2887; x_wconf 84' lang='lat' dir='ltr'>digna</span> <span class='ocrx_word' id='word_1_844' title='bbox 1680 2839 1738 2884; x_wconf 84' lang='lat' dir='ltr'>est,</span> 
     </span>
     <span class='ocr_line' id='line_1_117' title="bbox 952 2885 1740 2933; baseline 0.008 -14"><span class='ocrx_word' id='word_1_845' title='bbox 952 2888 1175 2931; x_wconf 80' lang='lat' dir='ltr'>arg.1.1u1ianus</span> <span class='ocrx_word' id='word_1_846' title='bbox 1179 2885 1268 2932; x_wconf 76' lang='lat' dir='ltr'>ffiqui</span> <span class='ocrx_word' id='word_1_847' title='bbox 1278 2889 1314 2926; x_wconf 63' lang='lat' dir='ltr'>dr</span> <span class='ocrx_word' id='word_1_848' title='bbox 1323 2886 1342 2922; x_wconf 70' lang='grc' dir='ltr'><em>ὰ</em></span> <span class='ocrx_word' id='word_1_849' title='bbox 1354 2889 1420 2933; x_wconf 82' lang='lat' dir='ltr'>quib</span> <span class='ocrx_word' id='word_1_850' title='bbox 1435 2891 1600 2925; x_wconf 64' lang='lat' dir='ltr'>manuatim.</span> <span class='ocrx_word' id='word_1_851' title='bbox 1608 2887 1740 2925; x_wconf 80' lang='lat' dir='ltr'>Accedit</span> 
     </span>
     <span class='ocr_line' id='line_1_118' title="bbox 953 2934 1740 2986; baseline 0.006 -17"><span class='ocrx_word' id='word_1_852' title='bbox 953 2935 1041 2982; x_wconf 86' lang='lat' dir='ltr'>quod</span> <span class='ocrx_word' id='word_1_853' title='bbox 1063 2934 1142 2971; x_wconf 75' lang='lat' dir='ltr'>forte</span> <span class='ocrx_word' id='word_1_854' title='bbox 1167 2949 1250 2972; x_wconf 84' lang='lat' dir='ltr'>vxor</span> <span class='ocrx_word' id='word_1_855' title='bbox 1267 2948 1356 2973; x_wconf 79' lang='lat' dir='ltr'>antea</span> <span class='ocrx_word' id='word_1_856' title='bbox 1371 2936 1484 2973; x_wconf 87' lang='lat' dir='ltr'>liberos</span> <span class='ocrx_word' id='word_1_857' title='bbox 1503 2936 1610 2974; x_wconf 89' lang='lat' dir='ltr'>habuit</span> <span class='ocrx_word' id='word_1_858' title='bbox 1623 2964 1633 2980; x_wconf 91' lang='lat'>,</span> <span class='ocrx_word' id='word_1_859' title='bbox 1654 2949 1740 2986; x_wconf 79' lang='lat' dir='ltr'>quo-</span> 
     </span>
     <span class='ocr_line' id='line_1_119' title="bbox 954 2981 1755 3032; baseline 0.007 -14"><span class='ocrx_word' id='word_1_860' title='bbox 954 2997 1021 3019; x_wconf 91' lang='lat' dir='ltr'>rum</span> <span class='ocrx_word' id='word_1_861' title='bbox 1042 2981 1148 3021; x_wconf 86' lang='lat' dir='ltr'>fauore</span> <span class='ocrx_word' id='word_1_862' title='bbox 1180 2985 1318 3022; x_wconf 84' lang='lat' dir='ltr'>intestata</span> <span class='ocrx_word' id='word_1_863' title='bbox 1341 2989 1422 3022; x_wconf 90' lang='lat' dir='ltr'>mori</span> <span class='ocrx_word' id='word_1_864' title='bbox 1458 2986 1602 3024; x_wconf 87' lang='lat' dir='ltr'>mallebat</span> <span class='ocrx_word' id='word_1_865' title='bbox 1623 3014 1634 3032; x_wconf 94' lang='lat'>,</span> <span class='ocrx_word' id='word_1_866' title='bbox 1655 3000 1755 3024; x_wconf 52' lang='lat' dir='ltr'>nunc*</span> 
     </span>
     <span class='ocr_line' id='line_1_120' title="bbox 953 3033 1739 3083; baseline 0.005 -15"><span class='ocrx_word' id='word_1_867' title='bbox 953 3033 1029 3069; x_wconf 74' lang='lat' dir='ltr'>vero</span> <span class='ocrx_word' id='word_1_868' title='bbox 1051 3047 1190 3083; x_wconf 86' lang='lat' dir='ltr'>ternpore</span> <span class='ocrx_word' id='word_1_869' title='bbox 1219 3035 1475 3082; x_wconf 76' lang='lat' dir='ltr'>pestilentiae,his</span> <span class='ocrx_word' id='word_1_870' title='bbox 1498 3049 1599 3073; x_wconf 87' lang='lat' dir='ltr'>morte</span> <span class='ocrx_word' id='word_1_871' title='bbox 1631 3037 1739 3073; x_wconf 87' lang='lat' dir='ltr'>extin-</span> 
     </span>
     <span class='ocr_line' id='line_1_121' title="bbox 951 3082 1739 3135; baseline 0.005 -16"><span class='ocrx_word' id='word_1_872' title='bbox 951 3085 1008 3119; x_wconf 72' lang='lat' dir='ltr'>stis</span> <span class='ocrx_word' id='word_1_873' title='bbox 1023 3083 1140 3127; x_wconf 84' lang='lat' dir='ltr'>,alium</span> <span class='ocrx_word' id='word_1_874' title='bbox 1159 3082 1215 3119; x_wconf 81' lang='lat' dir='ltr'>fibi</span> <span class='ocrx_word' id='word_1_875' title='bbox 1239 3083 1389 3121; x_wconf 74' lang='lat' dir='ltr'>haeredem</span> <span class='ocrx_word' id='word_1_876' title='bbox 1400 3099 1440 3122; x_wconf 85' lang='lat' dir='ltr'>ex</span> <span class='ocrx_word' id='word_1_877' title='bbox 1463 3084 1604 3134; x_wconf 83' lang='lat' dir='ltr'>pluribus</span> <span class='ocrx_word' id='word_1_878' title='bbox 1623 3099 1739 3135; x_wconf 82' lang='lat' dir='ltr'>cogna-</span> 
     </span>
     <span class='ocr_line' id='line_1_122' title="bbox 954 3132 1738 3183; baseline 0.008 -16"><span class='ocrx_word' id='word_1_879' title='bbox 954 3134 993 3169; x_wconf 84' lang='lat' dir='ltr'>tis</span> <span class='ocrx_word' id='word_1_880' title='bbox 1013 3133 1122 3182; x_wconf 87' lang='lat' dir='ltr'>deligit</span> <span class='ocrx_word' id='word_1_881' title='bbox 1135 3148 1143 3169; x_wconf 89' lang='lat'><strong>:</strong></span> <span class='ocrx_word' id='word_1_882' title='bbox 1155 3132 1218 3169; x_wconf 79' lang='lat' dir='ltr'>flue</span> <span class='ocrx_word' id='word_1_883' title='bbox 1237 3136 1329 3171; x_wconf 86' lang='lat' dir='ltr'>etiarn</span> <span class='ocrx_word' id='word_1_884' title='bbox 1344 3135 1362 3169; x_wconf 70' lang='lat' dir='ltr'>a</span> <span class='ocrx_word' id='word_1_885' title='bbox 1376 3136 1560 3183; x_wconf 88' lang='lat' dir='ltr'>propinquis</span> <span class='ocrx_word' id='word_1_886' title='bbox 1580 3136 1738 3180; x_wconf 86' lang='lat' dir='ltr'>destituta,</span> 
     </span>
     <span class='ocr_line' id='line_1_123' title="bbox 952 3182 1737 3241; baseline 0.004 -22"><span class='ocrx_word' id='word_1_887' title='bbox 952 3182 1058 3219; x_wconf 85' lang='lat' dir='ltr'>fideles</span> <span class='ocrx_word' id='word_1_888' title='bbox 1083 3188 1116 3220; x_wconf 88' lang='lat'>&amp;</span> <span class='ocrx_word' id='word_1_889' title='bbox 1134 3182 1307 3241; x_wconf 51' lang='lat' dir='ltr'>adfiQtes</span> <span class='ocrx_word' id='word_1_890' title='bbox 1325 3183 1382 3222; x_wconf 82' lang='lat' dir='ltr'>fibi</span> <span class='ocrx_word' id='word_1_891' title='bbox 1406 3185 1563 3222; x_wconf 84' lang='lat' dir='ltr'>ministros</span> <span class='ocrx_word' id='word_1_892' title='bbox 1587 3210 1598 3230; x_wconf 88' lang='lat'>,</span> <span class='ocrx_word' id='word_1_893' title='bbox 1616 3185 1737 3222; x_wconf 82' lang='lat' dir='ltr'>aliosve</span> 
     </span>
     <span class='ocr_line' id='line_1_124' title="bbox 951 3232 1738 3284; baseline 0.004 -16"><span class='ocrx_word' id='word_1_894' title='bbox 951 3232 1062 3268; x_wconf 81' lang='lat' dir='ltr'>melius</span> <span class='ocrx_word' id='word_1_895' title='bbox 1092 3245 1278 3281; x_wconf 81' lang='lat' dir='ltr'>promeritos</span> <span class='ocrx_word' id='word_1_896' title='bbox 1297 3232 1475 3270; x_wconf 87' lang='lat' dir='ltr'>honorabili</span> <span class='ocrx_word' id='word_1_897' title='bbox 1499 3234 1602 3284; x_wconf 77' lang='lat' dir='ltr'>legato</span> <span class='ocrx_word' id='word_1_898' title='bbox 1632 3247 1738 3271; x_wconf 85' lang='lat' dir='ltr'>remu-</span> 
     </span>
     <span class='ocr_line' id='line_1_125' title="bbox 950 3281 1739 3332; baseline 0.001 -13"><span class='ocrx_word' id='word_1_899' title='bbox 950 3282 1045 3319; x_wconf 81' lang='lat' dir='ltr'>nerari</span> <span class='ocrx_word' id='word_1_900' title='bbox 1055 3283 1236 3332; x_wconf 88' lang='lat' dir='ltr'>cupit.Non</span> <span class='ocrx_word' id='word_1_901' title='bbox 1248 3281 1372 3320; x_wconf 87' lang='lat' dir='ltr'>inficior</span> <span class='ocrx_word' id='word_1_902' title='bbox 1382 3295 1486 3321; x_wconf 79' lang='lat' dir='ltr'>tamen</span> <span class='ocrx_word' id='word_1_903' title='bbox 1494 3282 1622 3324; x_wconf 78' lang='lat' dir='ltr'>securius</span> <span class='ocrx_word' id='word_1_904' title='bbox 1633 3281 1739 3327; x_wconf 79' lang='lat' dir='ltr'>fore,fi</span> 
     </span>
    </p>
   </div>
   <div class='ocr_carea' id='block_1_6' title="bbox 1272 3332 1739 3380">
    <p class='ocr_par' dir='ltr' id='par_1_12' title="bbox 1272 3332 1739 3380">
     <span class='ocr_line' id='line_1_126' title="bbox 1272 3332 1739 3380; baseline 0 -12"><span class='ocrx_word' id='word_1_905' title='bbox 1272 3335 1393 3380; x_wconf 79' lang='lat' dir='ltr'>Ccc4</span> <span class='ocrx_word' id='word_1_906' title='bbox 1687 3332 1739 3371; x_wconf 84' lang='lat' dir='ltr'>vel</span> 
     </span>
    </p>
   </div>
  </div>
 </body>
</html>
