2052 3562
314 196 385 232 822

326 268 483 306 acceptam
496 245 659 291 nosti-abac
673 245 740 296 lege
762 258 828 281 non
851 239 1111 297 perpendi-existi-

324 311 402 351 inat,
413 308 468 343 ibi.
480 312 592 340 numero
607 312 658 345 32:
679 297 731 333 sed
757 295 850 332 solam
860 294 932 328 lacti
942 291 1113 327 restitutio-

328 371 400 395 nem
412 375 423 400 >,
436 368 469 392 ut
487 355 515 390 ei
526 353 656 387 reddant
666 348 684 383 ὲ
694 358 758 396 quo
768 358 825 395 pro
839 354 979 390 tempore
991 353 1115 389 accepe-

324 420 409 444 runt.
436 406 520 450 Qua
543 401 620 437 fides
644 398 779 448 ipsorum
798 394 932 431 omnino
954 393 974 426 a
994 395 1113 427 viatore

325 455 495 506 approbata
509 465 574 487 non
584 450 638 491 cst,
651 448 700 484 sed
721 459 761 482 ex
789 444 959 480 necestitate
978 441 1111 490 quadarn

323 506 382 542 sibi
408 504 470 540 fuit
491 502 656 538 creditum.
681 496 753 545 Ego
764 495 835 531 sane
846 494 899 528 hac
910 494 982 528 inre
996 495 1111 528 Accur.

324 570 392 592 non
408 552 486 590 male
498 548 680 599 respondisse
695 545 980 583 existimauerozflic
989 544 1019 576 in
1031 545 1109 580 verb.

327 606 416 640 nabis.
434 606 489 653 qui
504 605 583 638 inter
594 600 772 648 praedonem
787 600 818 630 &
834 607 906 630 eum
922 596 971 647 cui
984 604 1029 626 res
1041 595 1112 642 pig-

326 657 399 691 nori
407 653 479 690 data
489 653 531 688 est
543 650 742 686 distinfitione
753 647 864 683 vritur.
875 642 1033 691 Triphoni
1056 657 1109 678 rc·-

326 703 470 754 sponsum
491 705 524 739 in
546 701 691 750 praedone
712 698 817 733 locum
831 694 933 730 habet.
958 695 1050 729 Vnde
1070 705 1112 726 a:-

328 767 429 803 quum
441 754 483 790 est
493 764 528 790 vt
552 751 687 786 domino
707 746 920 787 restituantur,
941 756 1010 792 quae
1031 743 1113 778 iacto

328 803 553 841 sceleratissimo
567 799 707 847 adempta
719 796 799 832 sunt.
835 793 986 841 leianus
1006 804 1111 828 autem

328 853 381 890 hic
410 852 510 890 casum
540 846 736 891 subiicit(ad
757 856 849 895 quem
861 843 949 891 quod
967 842 1112 891 praecedit

327 903 524 940 referendum
538 900 645 937 censeo
661 903 676 942 )
691 898 779 933 Victo.
797 899 826 930 in
837 897 856 929 l.
866 897 950 939 pasta
964 893 1111 938 nouissima

327 959 363 989 C.
379 952 411 989 de
421 955 495 999 past.
506 964 571 1000 quo
591 951 712 998 pignori
725 959 770 982 res
781 955 875 992 captae
890 945 922 978 in
934 945 1037 978 nauim
1050 954 1111 977 im-

326 1002 420 1039 miffae
433 1002 514 1039 sunt,
529 1003 622 1035 Vnde
635 1000 700 1035 iure
711 995 851 1046 pignoris
865 1006 929 1028 non
951 991 1112 1041 praeferen-

326 1054 385 1088 dus
399 1052 536 1087 domino
549 1050 648 1086 videri
661 1061 725 1084 non
740 1044 1060 1093 potest,l.qu0dseruu6,
1072 1043 1110 1080 ό*

326 1104 366 1139 ibi
378 1098 624 1147 doc'lo.ins.depofi.
635 1102 713 1141 Quo
725 1095 854 1143 specstate
864 1093 943 1127 inihi
957 1094 1048 1128 verba
1061 1095 1110 1126 in—

324 1155 500 1188 continenti
530 1149 662 1185 subit&
674 1147 833 1182 videntur.
853 1147 871 1177 S
887 1154 902 1178 1
943 1154 966 1176 T
979 1156 1000 1178 A
1011 1155 1038 1176 M
1055 1155 1074 1176 E
1086 1154 1108 1175 N

324 1203 469 1237 Nos'TRA
482 1205 610 1248 &oquae
625 1198 763 1233 indicant
772 1193 872 1231 furem
882 1193 902 1227 a
915 1191 1050 1228 domino
1063 1190 1109 1227 sa-

318 1255 381 1295 ,etae
396 1251 571 1300 repetitioni
583 1249 700 1285 obstare
712 1260 776 1282 non
791 1243 957 1293 posse,cum
969 1244 1047 1284 eius,
1060 1244 1107 1277 iu-

324 1317 355 1339 re
369 1316 433 1337 non
448 1299 565 1336 interfit
581 1311 626 1334 res
644 1297 781 1340 domino
801 1307 864 1331 non
879 1294 1006 1330 restitui.
1018 1296 1109 1328 Secus

325 1363 428 1389 autem
443 1352 475 1386 in
494 1363 534 1386 eo
547 1349 600 1384 esse
612 1349 745 1385 dubium
758 1358 823 1381 non
834 1343 937 1385 est‚cui
953 1356 1065 1379 merces
1075 1345 1109 1377 in

324 1404 430 1439 nau'un
443 1400 572 1436 inuestae
583 1425 594 1444 ‚
615 1398 754 1447 pignoris
767 1396 840 1431 loco
849 1394 968 1429 traditae
976 1392 1055 1429 sunt.
1079 1397 1110 1428 ls

323 1452 408 1489 enim
426 1452 554 1500 pignore
574 1459 757 1497 perempto,
780 1444 965 1495 deteriorem
988 1442 1111 1491 obliga-

325 1503 421 1538 tionis
431 1498 547 1537 causam
558 1497 658 1535 habet.
669 1499 779 1545 Felynm
788 1497 819 1531 in
832 1503 896 1540 cap.
907 1496 1033 1529 veniens.
1045 1495 1111 1528 2.de

326 1551 387 1600 test.

378 1602 397 1634 S
415 1609 430 1632 ι
459 1607 552 1631 TAM
573 1607 591 1629 E
606 1607 629 1629 N
662 1591 1109 1641 Nos-rRARestitutioitaque

328 1661 394 1684 non
408 1647 541 1695 probato
553 1643 689 1679 inreresse
700 1657 765 1692 quo
778 1644 881 1678 rninus
893 1641 1029 1678 domino
1042 1641 1109 1686 fiat,

279 1738 285 1746 ⁸
329 1697 478 1747 impedire
499 1707 594 1730 nemo
623 1691 910 1742 potest-Caeterum
932 1689 955 1726 si
977 1691 1111 1729 interesse

326 1748 456 1798 probare
480 1746 571 1793 possit
584 1748 599 1785 (
611 1744 698 1792 quod
709 1743 748 1780 ad
771 1742 964 1778 summariam
987 1754 1110 1778 tantum

328 1797 548 1846 cognitionem
562 1793 755 1836 referendum
768 1791 923 1839 arbitror)
943 1790 1027 1827 aliud
1049 1791 1111 1827 ob-

327 1846 520 1884 seruandum.
538 1850 573 1879 Vt
585 1842 630 1879 Lei
641 1845 706 1879 diuo
720 1844 781 1884 rio,
790 1845 819 1890 ς.
826 1842 852 1889 fi
862 1842 947 1890 [uper
956 1843 1046 1886 rebus,
1057 1840 1112 1892 inf.

329 1899 362 1933 de
372 1910 400 1935 re
409 1897 543 1931 iudicata.
555 1894 624 1929 erit.

378 1951 555 1983 aecana
579 1953 715 1984 AVTEM.
738 1939 914 1990 Specialiter
938 1939 1031 1987 igitur
1053 1936 1114 1974 hoc

329 1995 402 2033 loco
412 2006 517 2031 contra
530 1996 714 2029 ‘communes
733 1992 810 2027 iuris
817 1988 946 2038 regulas,
959 1994 989 2024 &
1004 1993 1037 2024 in
1052 2001 1118 2025 mc·-

331 2059 401 2082 rum
419 2058 528 2090 eorum
549 2043 660 2078 odium
679 2044 734 2090 qui
764 2041 867 2076 edicio
889 2041 1090 2076 continentur
1103 2063 1114 2080 ‚

330 2096 540 2132 constitutum
553 2093 594 2131 est
605 2118 624 2135 „
637 2092 724 2141 quod
738 2104 777 2127 ex
797 2089 857 2126 sola
870 2090 1057 2125 immissione
1067 2102 1115 2123 rc-

331 2159 399 2182 rum
410 2146 504 2181 eriam
518 2141 648 2189 expresse
664 2155 726 2178 non
740 2141 954 2188 assignatarum
965 2164 976 2181 ‚
991 2152 1116 2175 tenean-

280 2224 289 2234 .
332 2199 464 2233 tunssal.
481 2196 517 2232 (ᾤ’
530 2200 627 2239 R02714.
643 2202 756 2228 numero
773 2191 858 2225 1.hic.
874 2189 944 2238 Ipso
958 2193 1059 2238 itaque
1072 2186 1117 2224 fa-

332 2248 385 2282 ἂο
397 2250 425 2280 &
440 2244 587 2292 patiendo
599 2255 643 2278 res
652 2244 684 2277 in
698 2253 806 2277 nauem
821 2238 978 2285 introduci
991 2266 1003 2285 ,
1014 2239 1119 2275 custo-

332 2296 416 2331 dia'm
429 2305 530 2329 rerum
545 2293 675 2338 recipere
690 2295 722 2326 &
745 2286 840 2326 saluas
862 2286 927 2325 fore
938 2290 1118 2338 permittere

334 2344 494 2381 videntur.
508 2347 553 2378 At
566 2353 619 2377 cur
630 2339 757 2377 obsecro
771 2351 835 2375 tarn
859 2339 1036 2387 exasperatis
1048 2339 1118 2374 ani-

335 2395 396 2431 mis
414 2391 556 2429 aduersus
576 2390 654 2426 istud
674 2389 841 2426 hominum
860 2402 957 2436 ‚genus
968 2393 1120 2426 Iurecon-

333 2442 662 2482 sulticonstitueruntZ.
688 2439 764 2475 Sane
780 2452 844 2474 non
857 2438 912 2474 alia
929 2439 1049 2474 ratione
1062 2438 1123 2486 (vt

333 2491 520 2544 opinor)nifi
531 2490 619 2540 quod
629 2502 661 2526 vt
671 2487 840 2538 plurimum
850 2501 947 2536 genus
956 2488 1125 2524 hominurn

285 2567 294 2575 -
338 2542 599 2594 improbissimum
615 2538 652 2578 fit
674 2546 705 2580 δέ
723 2551 829 2574 contra
848 2550 1030 2575 mercatores
1050 2550 1122 2574 cum

336 2595 455 2633 furibus
471 2591 650 2641 plerumque
659 2588 763 2638 pacisci
774 2586 954 2625 solitum.Vt
966 2591 996 2624 in
1009 2592 1122 2634 princip

332 2651 358 2682 sl.
374 2649 445 2688 Qxa
458 2643 578 2678 ratione
587 2668 598 2685 ‚
621 2638 644 2676 ss
653 2653 716 2676 tarn
730 2639 838 2676 acriter
845 2651 878 2673 ac
892 2637 968 2675 dure
981 2637 1124 2675 aduersus

338 2709 393 2730 eos
405 2691 640 2729 constitueretur
653 2715 664 2734 ,
674 2688 889 2726 existimabant
898 2688 1124 2736 prudentiffimi

339 2745 399 2780 viri
410 2743 532 2779 delictis
543 2740 721 2776 huiusmodi
733 2750 890 2775 occurrere
899 2738 928 2774 se
939 2737 1019 2788 posse
1033 2764 1043 2783 ‚
1056 2750 1122 2774 ma-

336 2799 500 2839 ioremque
512 2790 710 2839 diligentiam
721 2790 891 2836 impetrare.

387 2850 400 2880 1
418 2855 437 2877 1.
449 2854 466 2877 L
481 2856 502 2877 A
513 2854 536 2875 τ
549 2853 594 2876 ΑΕ
620 2854 633 2875 s
646 2854 666 2876 v
676 2853 698 2874 N
710 2838 806 2874 ·r.Sed
819 2851 856 2872 an
868 2836 906 2872 ad
916 2837 1122 2886 ignorantiam

329 2907 463 2943 ¹quoque
477 2902 637 2927 nautarum
652 2889 732 2925 istud
746 2886 847 2925 referri
861 2887 970 2924 debeat
984 2901 993 2922 ι
1016 2886 1123 2935 dispu-

337 2956 381 2980 tat
395 2940 538 2979 hocloco
550 2938 711 2975 Accurfius
721 2964 731 2980 ,
757 2936 931 2984 desinitque
946 2934 1044 2973 referti
1057 2949 1121 2971 non

289 2982 299 2993 ⁵
338 2994 417 3042 poffe
427 3007 438 3026 .·
466 2995 498 3027 &
524 2995 539 3034 (
555 3003 625 3025 meo
648 2987 769 3024 iudicio
793 2990 807 3030 >
828 2985 919 3023 reete.
942 2986 1122 3035 Ignorantia

336 3048 421 3079 enim
449 3038 627 3076 consensum
654 3037 802 3074 excludit.
833 3038 901 3081 Qi
929 3048 1031 3073 autem
1056 3047 1122 3070 non

332 3088 636 3134 consentit‚minime
647 3099 769 3123 tenetur
783 3107 792 3133 3
804 3085 875 3121 curn
889 3082 1034 3122 consensu
1047 3083 1125 3123 fiant

264 3150 298 3182 6.
340 3142 622 3190 obligationes.l.2.
632 3138 686 3185 inf.
697 3139 732 3171 de
741 3138 825 3172 actio.
837 3137 872 3175 dr
885 3135 1005 3183 obligat,
1017 3133 1076 3171 Sed
1089 3138 1123 3168 &

339 3204 410 3227 cum
423 3191 454 3225 in
468 3189 570 3225 alieno
580 3188 663 3224 faeto
673 3185 844 3235 probabilis
859 3185 1032 3232 ignorantia
1041 3182 1092 3225 fit,
1100 3188 1123 3220 1.

335 3241 488 3288 plurimum
501 3239 557 3286 inf.
581 3240 613 3273 de
626 3240 680 3272 iur.
699 3239 735 3275 &-
745 3234 815 3282 sacr.
827 3236 1029 3281 igno.tantum
1044 3233 1124 3271 certe

339 3289 457 3339 operari
466 3287 560 3324 debet
573 3311 585 3331 ,
600 3285 687 3335 quod
703 3282 866 3333 dispositio
888 3283 990 3321 nostra
1003 3296 1126 3333 genera-

751 172 986 213 PETRVS
1046 171 1309 211 PECKIVS
1358 175 1420 210 IN
1463 172 1587 210 TIT.v

1167 239 1238 278 liter
1262 241 1396 292 loquens
1415 241 1595 291 generaliter
1606 240 1740 293 intelligi
1753 240 1818 280 non
1826 237 1949 280 debeat.

1171 294 1285 329 Rom.in
1296 293 1343 340 [β
1356 295 1499 339 vero,§.de
1509 292 1729 339 viro,mf.soluro
1739 303 1952 330 matr..num.1·

1170 347 1201 375 &
1218 353 1253 378 vt
1265 342 1429 379 Accurfius
1444 344 1598 378 existimat
1611 368 1621 384 .
1641 346 1784 390 ignorans
1806 342 1886 379 τεᾶὲ
1896 354 1952 377 ex·

1170 391 1334 429 cusabitur.
1359 397 1520 433 Caeterum
1534 390 1558 428 fi'
1574 393 1614 428 de
1637 393 1795 440 probanda
1805 394 1950 441 ignorari·
1995 433 2007 445 ·

1172 441 1213 476 tia
1223 443 1353 490 quaestio
1377 441 1521 479 inciderit
1534 468 1545 487 ,
1560 443 1701 490 prasumi
1715 456 1782 478 eam
1795 445 1928 478 arbitror
1938 465 1950 485 ‚

1174 494 1204 525 &
1216 490 1370 536 scientiam
1384 505 1436 541 per
1453 492 1655 528 aduersarium
1675 492 1865 540 probandam
1875 491 1928 528 ess'e
1942 511 1956 534 ⁹

1175 551 1195 574 c.
1203 550 1234 586 p.
1250 541 1441 589 praesumitur,
1456 546 1487 576 de
1500 553 1559 587 reg.
1577 548 1635 578 lm.
1647 545 1678 576 in
1689 548 1723 579 6.
1737 543 1837 584 Quod
1849 554 1953 579 autern

1172 593 1324 638 leianus
1344 593 1406 628 alio
1429 592 1501 627 loco
1512 593 1562 626 hic
1573 593 1612 625 ab
1625 588 1774 628 Accurfio
1786 593 1817 627 in
1828 604 1953 628 contra-

1170 641 1251 675 rium
1271 641 1430 689 produ&
1444 665 1455 684 ‚
1476 640 1654 688 respondeat
1673 667 1684 686 ‚
1704 641 1835 690 depositi
1845 652 1954 678 contra

1170 702 1240 726 eum
1253 694 1298 740 agi
1313 693 1394 738 polle
1407 717 1418 735 ,
1439 695 1494 740 qui
1515 693 1618 726 ultani
1630 704 1701 727 cum
1711 695 1802 727 rebus
1816 704 1891 741 quas
1904 703 1953 728 ta-

1170 752 1242 776 men
1253 743 1420 790 ignorauit,
1439 741 1673 779 custodiendam
1687 740 1825 790 suscepit.
1835 747 1854 779 l.
1866 739 1957 790 1..·§fi

1169 788 1246 836 cista,
1260 791 1315 838 inf.
1329 791 1462 838 depofin':
1485 790 1626 827 aduersus
1646 791 1723 827 hanc
1745 792 1876 828 nostram
1888 796 1951 828 do-

1168 841 1298 876 §trinam
1324 855 1388 877 non
1409 841 1534 877 militat.
1562 844 1717 885 Quamuis
1726 855 1811 878 enim
1824 843 1902 891 quid
1916 843 1950 880 in

1169 890 1241 926 cista
1252 889 1404 927 inclusum
1416 904 1476 927 erat
1489 892 1649 939 ignorabat
1664 906 1672 927 z
1684 892 1775 941 ipsam
1785 903 1887 928 tamen
1899 895 1942 928 ci-
1971 911 1992 946 g

1168 939 1242 974 stam
1254 941 1332 978 Γςᾶὲ
1354 941 1528 976 conclusam
1553 941 1679 977 scienter
1699 943 1810 991 recepit
1822 942 1948 978 :eadem
1995 935 2006 947 “

1168 990 1263 1037 igitur
1281 993 1400 1027 ratione
1422 994 1597 1038 eodemque
1628 993 1729 1028 modo
1762 993 1949 1029 restituenda

1167 1050 1242 1075 erat.
1262 1043 1325 1076 Hic
1348 1051 1450 1076 autem
1472 1040 1512 1076 de
1532 1044 1635 1077 nautis
1656 1042 1831 1091 ceterisque
1841 1042 1948 1078 edie‘to

1167 1093 1324 1127 contentis
1344 1089 1381 1126 fit
1394 1092 1516 1127 mentio
1528 1115 1539 1132 ,
1552 1094 1605 1138 qui
1624 1104 1680 1128 nec
1689 1103 1884 1136 contentum,
1893 1104 1951 1128 nec

1166 1139 1329 1176 continens
1340 1164 1350 1183 ‚
1360 1140 1535 1188 depositum
1547 1138 1652 1180 sciant.
1668 1145 1745 1182 Quo
1760 1141 1849 1185 fit,vt
1862 1143 1952 1179 rebus

1164 1190 1385 1239 quasinueetis
1405 1193 1570 1239 ignor-int,
1592 1191 1786 1240 diligentiam
1806 1192 1952 1229 adhibere

1167 1252 1232 1276 non
1242 1241 1365 1287 poffint.

1214 1292 1286 1324 San
1317 1303 1363 1326 ET
1383 1299 1600 1326 vfic'ronM.
1615 1290 1768 1327 Dissidere
1780 1290 1841 1326 hoc
1851 1287 1946 1326 titulo

1165 1339 1243 1375 inter
1256 1335 1282 1375 se
1293 1338 1496 1377 [ureconlulti
1510 1340 1670 1388 vidantur3
1684 1342 1777 1390 idque
1786 1341 1831 1377 n6
1842 1340 1950 1376 modi-

1165 1391 1313 1427 cum.Ait
1325 1392 1408 1426 enim
1420 1388 1471 1425 hic
1486 1388 1634 1437 leianus
1643 1416 1654 1432 ,
1670 1392 1846 1440 magistrum
1860 1393 1948 1426 nauis

1146 1473 1149 1475 .
1166 1453 1232 1476 non
1242 1439 1341 1476 solum
1354 1451 1512 1476 nautarum
1525 1466 1533 1483 ‚
1545 1438 1593 1475 sed
1606 1444 1638 1475 δι
1651 1444 1824 1483 νεᾶοτυω,
1832 1442 1947 1477 tadum
1991 1438 2001 1449 “

1165 1489 1301 1536 praestare
1312 1490 1495 1536 debere.in§
1511 1501 1575 1525 naui
1583 1488 1698 1537 i'supm
1710 1492 1883 1529 eodem.Qui
1898 1502 1948 1527 ta-

1165 1551 1238 1575 men
1251 1539 1334 1574 idern
1344 1537 1436 1588 paulo
1447 1537 1581 1587 superius
1592 1541 1743 1588 remigum
1756 1538 1948 1577 mesonauta—

1166 1588 1396 1637 rumq5fafflun
1417 1590 1547 1625 minime
1569 1589 1607 1624 ad
1620 1591 1799 1638 magistrum
1810 1592 1946 1637 pertine-

1165 1652 1196 1675 re
1209 1638 1398 1676 adfirmauit.
1421 1637 1483 1675 Sed
1497 1643 1528 1674 δι’
1540 1637 1677 1686 sequenti
1685 1638 1751 1689 lege
1761 1643 1860 1676 Caius
1873 1653 1946 1676 cau·

1166 1701 1279 1736 ponem
1291 1702 1328 1724 ex
1339 1691 1494 1725 viatorum
1507 1687 1598 1735 gfaffl)
1612 1687 1788 1737 simpliciter
1796 1691 1894 1726 teneri
1911 1704 1947 1726 a·

1168 1738 1255 1774 ssruir
1268 1764 1279 1783 ,
1288 1739 1354 1786 que
1364 1738 1447 1775 tame
1466 1737 1761 1786 leia.alioloco.1n
1775 1740 1946 1787 l.liaer.§,in

1159 1788 1464 1836 fanumstnfaeodpro
1473 1786 1522 1823 his
1540 1800 1659 1825 tanturn
1675 1791 1770 1825 teneri
1780 1790 1947 1830 existimat,

1167 1839 1222 1886 qui
1238 1838 1398 1874 habitandi
1410 1836 1494 1873 causa
1509 1840 1544 1873 in
1554 1850 1692 1887 caupona
1702 1836 1785 1880 sunt,'
1797 1839 1947 1876 nonitem

1168 1899 1225 1936 pro
1235 1901 1274 1924 eo
1283 1888 1336 1937 qui
1351 1887 1487 1936 hospitio
1511 1890 1675 1938 repentino
1691 1887 1851 1937 suscipitur
1861 1914 1874 1934 ,
1889 1902 1949 1926 ve·

1168 1938 1228 1974 luti
1238 1939 1349 1974 viator.
1375 1936 1475 1983 Quod
1500 1949 1603 1975 autem
1625 1938 1656 1973 in
1667 1937 1816 1975 diuersam
1828 1950 1949 1987 partem

1169 1993 1331 2024 vectorum
1341 2014 1353 2034 ‚
1379 1988 1662 2035 interpretationem
1676 1989 1820 2027 distrahat
1831 1991 1948 2025 Accur-

1170 2036 1229 2074 sius
1242 2063 1252 2078 ,
1276 2050 1342 2073 non
1364 2035 1499 2073 omnino
1517 2037 1597 2073 τεᾶὲ
1619 2039 1780 2086 procedere
1791 2037 1950 2081 existimo,

1168 2086 1242 2123 cum
1264 2099 1338 2123 toto
1358 2085 1420 2124 hoc
1449 2086 1546 2123 titulo
1571 2089 1728 2127 vefiorum
1747 2087 1954 2136 appellatione

1171 2151 1235 2173 non
1248 2137 1285 2172 ali
1290 2151 1298 2184 1
1308 2137 1512 2184 accipiantur,
1527 2138 1622 2185 quam
1633 2139 1688 2185 qui
1702 2136 1746 2174 ob
1759 2139 1818 2175 hoc
1827 2149 1952 2175 tantum

1171 2189 1203 2223 in
1215 2186 1381 2231 nauisunt,
1404 2197 1442 2221 vt
1450 2185 1610 2224 vehantur.
1637 2189 1742 2222 Budeus
1757 2191 1814 2224 hic.
1842 2190 1952 2224 Nemo

1171 2237 1212 2274 est
1223 2238 1277 2285 qui
1288 2236 1352 2272 haec
1374 2234 1452 2272 reete
1470 2236 1632 2285 perpendit
1647 2263 1658 2278 ‚
1677 2236 1726 2280 sed
1737 2242 1752 2280 (
1764 2250 1798 2282 vt
1810 2235 1953 2286 pleraque

1173 2287 1281 2323 omnia
1293 2286 1354 2322 hoc
1369 2285 1465 2322 titulo
1478 2284 1584 2329 >sicco
1595 2298 1716 2322 tantum
1727 2288 1804 2336 pede
1817 2299 1954 2335 pertran-

1173 2338 1271 2373 seunt.
1305 2338 1378 2385 Ego
1399 2333 1474 2371 vero
1497 2335 1572 2371 hanc
1584 2348 1646 2371 rern
1659 2335 1702 2371 ita
1715 2336 1953 2384 intelligendum

1176 2387 1309 2423 arbitror
1319 2413 1329 2429 ‚
1352 2386 1440 2433 quod
1465 2387 1519 2435 qui
1530 2385 1698 2421 custodiam
1712 2385 1848 2435 recepisse
1859 2385 1954 2423 intel·

1175 2437 1281 2486 ligitur
1289 2462 1299 2479 ‚
1317 2436 1335 2471 a
1345 2434 1430 2472 furto
1441 2438 1473 2470 δε
1486 2434 1603 2472 damno
1613 2434 1777 2473 defendere
1788 2435 1883 2473 debet
1892 2461 1903 2480 ‚
1917 2441 1951 2473 &

1177 2486 1315 2523 aduersus
1327 2484 1484 2534 quosuis.l.
1499 2495 1579 2520 naut.
1593 2484 1648 2531 inf,
1661 2497 1701 2520 ιο.
1713 2485 1842 2534 quodi&
1855 2488 1955 2522 Baro·

1177 2548 1249 2573 nem
1257 2536 1362 2572 sentire
1373 2535 1421 2570 hic
1443 2535 1538 2571 video
1547 2559 1558 2577 ‚
1568 2536 1662 2582 igitur
1673 2539 1704 2570 δι
1713 2549 1821 2572 eorum
1834 2533 1954 2572 furtum

1176 2588 1231 2634 qui
1244 2597 1280 2622 vt
1291 2585 1441 2622 vehantur
1452 2585 1484 2621 in
1498 2584 1567 2621 naui
1581 2583 1650 2621 sunt
1666 2608 1676 2624 2
1693 2581 1828 2633 praestare
1846 2584 1954 2622 debet.

1182 2642 1343 2672 caeterum
1353 2634 1440 2683 quod
1454 2633 1602 2682 leianus
1619 2635 1662 2670 ait
1676 2646 1728 2682 per
1737 2632 1955 2673 Mesonautam

1177 2686 1379 2723 exercitorem
1402 2698 1468 2720 non
1501 2682 1633 2732 obligari
1652 2698 1664 2717 .-
1689 2683 1727 2721 ad
1750 2687 1957 2728 commatum.

1179 2750 1243 2773 non
1259 2737 1332 2771 item
1342 2734 1380 2771 ad
1390 2732 1473 2783 quasi
1482 2732 1630 2769 defletum
1640 2731 1739 2770 referri
1749 2735 1857 2780 debet,
1867 2746 1904 2772 vt
1910 2747 1952 2771 ex
1984 2742 1989 2746 ’
2002 2744 2003 2747 ’

1177 2785 1372 2835 sequentibus
1381 2782 1607 2820 euidentiffime
1617 2782 1724 2832 colligi
1748 2784 1859 2832 potest.
1874 2788 1954 2820 Por·

1178 2835 1214 2872 ro
1225 2834 1311 2884 quod
1324 2834 1341 2870 a
1355 2835 1438 2870 Caio
1448 2833 1601 2881 leianus
1614 2845 1677 2868 non
1690 2833 1844 2876 diffidat,
1855 2844 1956 2882 neque

1178 2885 1404 2922 contrarientur
1419 2896 1527 2919 eorum
1535 2880 1672 2931 responsa
1684 2907 1695 2924 ,
1725 2881 1780 2920 suo
1793 2882 1865 2920 loto
1876 2878 1955 2918 infe-

1177 2939 1240 2972 rius
1250 2932 1465 2980 declarabitur,
1483 2939 1499 2970 Ι
1503 2943 1523 2968 n
1543 2931 1664 2969 delictis
1674 2944 1777 2969 tamen
1789 2931 1874 2970 aliud
1883 2931 1955 2968 lon-

1176 2985 1214 3034 ge
1227 2996 1382 3031 receptum
1395 2983 1448 3019 est.
1469 2983 1611 3021 Etenim,
1625 2994 1695 3018 cum
1716 2981 1864 3018 maleficia
1884 2979 1955 3016 suos

1178 3047 1280 3072 tenere
1300 3031 1445 3069 authores
1464 3032 1598 3069 debeant
1614 3057 1623 3073 ‚
1651 3034 1673 3066 1.
1689 3030 1831 3078 ρηεὶηιισ
1845 3055 1853 3071 ‚
1874 3029 1957 3067 cde

1176 3094 1254 3130 poen.
1272 3096 1312 3119 ex
1334 3084 1494 3119 vetitorum
1514 3080 1631 3117 delicto
1667 3082 1820 3117 exercitet
1834 3092 1959 3116 conue-

1178 3135 1236 3169 niri
1249 3146 1314 3169 non
1326 3133 1436 3179 potest.
1450 3135 1472 3171 l.
1490 3143 1519 3168 1.
1535 3129 1604 3179 infi.
1617 3127 1669 3176 inf.
1677 3129 1736 3176 sur.
1756 3131 1851 3167 aduer.
1871 3137 1954 3166 naut.
1998 3157 2005 3160 -

1171 3187 1212 3220 In
1233 3195 1273 3218 eo
1297 3182 1392 3230 igitur
1412 3181 1462 3218 hic
1474 3179 1583 3217 titulus
1592 3179 1630 3215 ab
1649 3191 1688 3214 eo
1710 3178 1875 3227 discrepat,
1899 3178 1957 3226 qui

1175 3232 1276 3281 postea
1287 3231 1448 3280 sequitur,
1468 3233 1582 3267 Fvittr
1606 3239 1783 3266 onensvs
1799 3238 1957 3271 mimas.

1174 3286 1323 3319 CAvPON
1330 3295 1367 3318 Λς
1377 3307 1389 3327 ,
1399 3285 1640 3319 Ξτηνιᾼιιῑοε
1651 3277 1713 3319 ὥς.
1724 3277 1813 3329 quod
1822 3277 1959 3363 hicpr‘g-

1922 3338 1982 3363 ena
