2052 3562
295 200 327 238 A
341 199 379 237 D
409 163 447 238 ᾗ
460 198 492 237 E
506 197 560 237 G.
588 197 624 235 L
635 198 675 237 X
688 198 728 237 x
740 199 762 236 1
772 199 818 236 V.
846 200 979 247 „QVOD
1011 202 1185 238 ALJCVJ
1208 203 1438 237 GRATIOSE
1452 229 1464 247 ,
1495 200 1564 247 (ys.

106 289 157 316 me
168 276 287 314 factum
298 275 392 313 fuerit
406 305 418 324 ,
438 288 542 313 tamen
553 276 775 326 praemorient'e
787 275 857 313 filio
867 276 916 313 in-

103 326 217 363 stituto
227 337 299 362 ante
308 325 494 362 testatorem
509 355 521 372 ‚
557 328 589 360 in
603 325 716 360 vitium
735 323 842 362 caduci
862 338 915 361 ve—

101 375 150 412 nit
161 400 170 416 ‚
205 373 351 423 adeoq‘ue
358 373 486 411 effecius
503 371 584 411 illius
594 373 826 409 consummatus
846 386 913 409 non

99 421 161 460 fuit
177 453 190 472 ‚
231 436 305 460 cum
323 436 420 459 nemo
436 436 475 459 ex
486 436 527 459 eo
535 422 726 458 testamento
736 420 834 457 haeres
851 421 912 458 esse

98 471 191 523 possit
198 501 211 520 ,
239 471 273 509 id
285 470 376 522 quod
393 472 499 508 tamen
510 469 550 507 ad
560 470 653 506 huius
664 467 782 529 regulae
793 470 911 506 verita-

97 532 164 558 tem
176 522 295 572 requiri
305 519 440 557 diximus
450 549 462 567 ‚
489 532 554 569 qua
563 518 603 556 de
614 516 720 555 relate
728 529 827 568 agunt
844 516 910 554 Pa-

58 608 61 616 ,
96 569 185 606 risms
205 567 646 616 cons.60.11b.2.&Marianus
659 567 906 614 confi184.lib.2.

96 618 186 655 Sic&
202 618 240 656 de
249 632 282 654 re
296 643 306 661 ‚
331 631 402 667 quae
419 617 490 668 post
508 615 742 667 promiffionem
759 614 907 664 quidem,

93 665 146 704 sed
154 679 228 704 ante
235 666 456 715 traditionem,
472 678 544 715 quae
555 663 764 714 promiffionis
779 664 906 701 effeetus

94 721 125 751 ἀ
136 713 366 753 consummatio
375 714 421 752 est
434 744 446 762 ³
469 711 549 751 sacra
565 714 696 750 efficitur
708 741 721 760 ‚
747 712 832 749 idem
843 713 905 750 dici

93 764 199 814 potest
213 790 221 804 ‚
248 763 340 817 quod
347 763 387 801 de
396 777 428 801 re
437 775 508 814 quae
517 763 584 800 dari
595 761 717 809 debuit,
735 759 801 798 sme
817 760 905 798 saeco

31 828 42 838 ²
89 812 281 863 promissoris
291 810 460 859 subtra&a‚
473 810 598 848 dicitur.
621 813 641 847 l.
653 816 701 856 qui
711 809 899 856 restituereff.

90 863 126 896 de
134 866 176 897 rei
188 852 294 897 v'endic.
310 856 359 898 Ei*
368 860 446 897 sicut
455 856 582 897 debitor
597 858 707 912 speciei
717 860 781 895 eius
794 860 903 895 interi-

89 919 125 946 tu
133 921 206 957 ante
214 923 338 947 moram
348 907 497 945 liberatur
508 934 518 952 ‚
533 908 576 955 ¹·fi
586 921 621 943 ex
631 907 766 955 [egathff.
781 910 814 942 de
826 911 904 943 verb.

89 958 175 1006 oblig}
203 957 247 997 ita
256 957 386 1009 quoque
408 955 432 994 si
444 969 490 993 res
507 957 653 1009 promissa
676 957 749 994 &in
761 969 904 993 conuen—

88 1006 211 1044 tionem
222 1007 358 1045 deducta
369 1036 381 1054 ‚
409 1007 603 1043 commercio
619 1005 786 1043 hominum
796 1019 904 1042 exem—

87 1066 142 1106 pta
151 1055 209 1094 est.
229 1054 329 1092 Vnde
340 1061 369 1091 ἃ
378 1055 498 1105 quiutae
507 1053 700 1092 dubitationi
712 1052 901 1102 satissa&um

88 1104 189 1143 videri
201 1102 317 1156 potest.
343 1101 446 1150 Qod
453 1102 532 1140 vero
542 1102 582 1140 de
592 1104 740 1140 affinitate
757 1101 902 1150 superue-

86 1154 195 1191 niente
212 1153 299 1190 sexto
306 1151 381 1190 loco
395 1152 646 1188 controuertitur
658 1181 671 1199 ‚
696 1152 850 1197 rationem
864 1152 898 1188 in

84 1201 214 1251 public-a
230 1200 365 1239 ecclefiae
386 1206 417 1237 &
438 1199 566 1237 Christi
582 1198 723 1237 fidelium
735 1199 898 1236 honestate

20 1271 23 1274 ·
86 1250 226 1336 positam
237 1256 268 1286 ἀ
278 1248 435 1286 collocata
442 1247 548 1286 habet.
564 1249 696 1286 Etenim
706 1262 835 1300 aequum
843 1260 898 1285 aut

113 1299 258 1336 onestum
268 1311 336 1334 non
345 1298 402 1341 est,
410 1297 617 1334 matrimonio
626 1311 692 1334 non
702 1295 899 1334 consumma-

88 1353 167 1384 to&
183 1344 326 1394 pascito
339 1375 352 1394 ,
375 1345 427 1383 sed
441 1347 474 1382 in
483 1344 627 1382 futurum
642 1356 768 1382 tantum
787 1359 898 1383 conce-

87 1406 147 1446 pto
162 1424 175 1442 ,
201 1400 232 1431 δι
243 1394 323 1432 dum
338 1393 443 1432 adhuc
451 1393 567 1444 absque
583 1394 674 1431 omni
682 1393 830 1432 scandalo
839 1407 898 1432 oc·

87 1444 172 1481 curri
184 1442 288 1498 potest
291 1442 351 1490 ‚illi
361 1444 542 1502 quempiam
551 1442 714 1490 coniungi,
722 1443 810 1479 cuius
820 1457 898 1490 con-

86 1489 263 1542 sanguineae
277 1491 385 1528 illicite
403 1503 478 1528 ante
495 1491 525 1528 se
543 1492 719 1528 coniunxit.
742 1491 817 1528 Nec
836 1494 900 1529 mi-

88 1553 161 1578 rum
178 1539 225 1578 est
246 1538 341 1588 quod
369 1539 453 1578 casus
475 1539 651 1592 suspicionis
674 1537 892 1592 superueniens

86 1588 242 1627 iudicium
260 1587 361 1636 fistitg
372 1605 375 1609 ¹
386 1600 422 1625 vt
433 1588 479 1625 est
495 1589 529 1625 in
538 1589 667 1640 septima
684 1587 899 1638 dubitatione,

44 1675 46 1677 .
89 1650 164 1676 cum
182 1636 329 1676 nondum
351 1636 444 1674 fuerit
460 1637 713 1676 consummatum
729 1635 781 1675 sed
797 1639 900 1676 incoe·

23 2940 43 2958 -j

79 2815 109 2948 ‘3⁸5'5'

89 1690 196 1738 pt'um,
207 1683 280 1724 licet
286 1685 446 1723 firmatum
458 1684 496 1722 sit
506 1715 517 1734 ‚
525 1684 671 1733 nihildue
678 1685 723 1722 est
736 1686 826 1737 quod
835 1688 899 1725 im-

86 1746 223 1787 putetur
239 1736 320 1787 parti
337 1752 346 1780 ;
369 1747 442 1784 quae
460 1746 532 1770 ante
553 1733 615 1770 litis
629 1733 897 1774 contestationem

85 1782 169 1820 hanc
177 1784 394 1834 exceptionem
405 1781 580 1834 suspicionis
588 1807 597 1824 ‚
614 1795 711 1831 quam
721 1783 897 1834 ignorauit,

87 1844 156 1868 non
164 1845 223 1884 pro
245 1830 327 1868 osuit
338 1861 350 1878 ‚
377 1836 545 1870 panorm&
565 1835 612 1877 al'q'
622 1833 657 1864 ad
667 1832 896 1877 d.c.infinuante.

91 1885 121 1915 δι
130 1892 202 1929 quae
211 1844 251 1917 cli»
260 1893 349 1916 nouo
356 1891 521 1928 emergunt
533 1908 544 1926 ‚
568 1893 636 1916 non
653 1878 795 1926 indigent
805 1883 896 1918 auxi-

89 1925 154 1971 lio,
178 1925 347 1975 sanRadue
356 1927 522 1975 &syncera
537 1927 661 1964 iustitiae
671 1928 810 1976 officina,
824 1931 894 1967 nul-

89 1975 170 2013 lain
185 1981 273 2026 parte
288 1975 392 2022 iudicii
413 1975 585 2027 suspeitum
604 1975 739 2012 iudicem
754 1976 892 2017 sustinet.

90 2023 272 2062 Periculum
288 2036 420 2075 quoque
438 2023 599 2075 publicum
617 2024 709 2073 leprae
733 2024 766 2062 id
785 2028 893 2077 efficit,

89 2083 126 2109 vt
137 2071 166 2109 le
189 2072 277 2109 itime
292 2073 460 2123 assumptus
482 2073 522 2110 ad
538 2071 671 2109 ecclefiae
686 2071 893 2122 gubernatio—

87 2134 162 2159 nem
212 2120 371 2166 stituatur‚
381 2131 416 2155 vt
431 2119 545 2170 absque
557 2120 688 2157 horrore
697 2123 784 2159 sacris
794 2123 893 2161 inter-

85 2169 155 2206 sunt
163 2168 208 2209 hi,
222 2171 278 2220 qui
289 2168 422 2205 Christo
432 2182 549 2206 nomen
560 2168 716 2207 dederunt
728 2199 741 2217 ,
765 2174 894 2210 &sacris

84 2216 224 2255 interesse
235 2218 376 2270 cupiunt.
396 2240 399 2243 -
442 2226 445 2232 ¹

170 2304 470 2383 REGVLA
549 2336 797 2396 LxxiV.

83 2450 226 2514 Qod
258 2451 381 2499 alicui
418 2450 602 2517 gratiose
628 2453 889 2515 conceditur,

155 2521 266 2569 trahi
292 2536 382 2568 non
407 2521 535 2568 debet
570 2521 626 2567 ab
650 2520 744 2583 alijs
769 2523 813 2569 in

348 2587 613 2655 exemplum.
757 2597 759 2599 ’

265 2704 279 2749 [
286 2707 367 2749 Peck.
381 2708 414 2741 de
429 2715 533 2742 amm.
545 2717 608 2753 cap.
622 2703 672 2753 ²4¹-
685 2711 699 2758 ]

159 2807 242 2839 Locus
255 2805 471 2850 argumentandi
480 2803 498 2838 a
507 2803 561 2850 [ρει
569 2806 628 2840 sali.

158 2853 376 2900 archiepiscopus
388 2855 432 2887 rbi
440 2855 519 2898 pallio
530 2864 641 2892 vtatur.

157 2909 251 2936 Petrus
261 2901 395 2948 Apostolus
406 2904 505 2936 dilexit
517 2909 662 2937 toarnnem.

75 2961 112 2994 4.
151 2951 318 2999 ‘inuidorum
329 2953 415 2995 qualia
424 2961 543 2985 natura.

177 3049 213 3082 Ic
223 3045 349 3100 ¹elicitur
364 3046 450 3083 locus
462 3045 629 3096 aspecia1i‚
647 3046 679 3082 in
687 3058 755 3100 quo
771 3043 812 3082 sic
823 3059 875 3080 ar-

69 3139 152 3190 ciali,
166 3107 230 3179 [ᾖξε

61 3188 456 3238 fideicor'nm.11bert.Praesesm
468 3195 524 3226 Ioco
536 3189 554 3224 ἃ
567 3192 687 3234 speciali.
724 3190 804 3228 Ideo
818 3193 870 3226 'ue

63 3233 212 3286 fispeciali
225 3238 393 3290 priuilegio
409 3240 492 3287 Regi
508 3239 619 3276 nostro
633 3236 795 3276 indultum
826 3250 866 3287 it,

264 3141 396 3180 abentur
404 3143 437 3179 iu
447 3141 710 3181 consideratione.
718 3143 875 3188 lib.4.ff.de

239 3095 354 3179 potest.
369 3096 382 3132 Τ
408 3099 489 3137 Quae
503 3095 679 3144 procedunt
690 3108 710 3130 a
724 3107 790 3130 iure
808 3095 873 3142 spe-
896 3092 899 3094 ’

1707 216 1776 254 293

965 288 1000 313 vt
1019 277 1166 315 clefiioni
1185 278 1312 317 Praelati
1328 279 1418 326 poffit
1434 279 1493 317 sese
1509 282 1678 321 admiscere
1694 314 1707 332 9
1733 287 1777 322 ei—

963 324 1103 372 demc‘iue
1113 327 1252 364 interesse
1265 353 1273 366 ,
1299 340 1339 364 ne
1350 327 1433 365 forte
1449 330 1560 368 seditio
1575 333 1679 384 aliqua
1691 336 1775 370 oria-

960 383 1032 421 tur,
1058 374 1122 411 hoc
1142 374 1182 411 ab
1198 375 1266 429 alijs
1280 376 1423 425 Regibus
1442 408 1455 425 ,
1483 385 1514 415 &
1529 381 1721 432 principibus
1736 385 1771 421 in

959 421 1139 472 exemplum
1151 420 1232 460 traln
1242 438 1309 460 non
1325 424 1428 463 debet.
1456 431 1556 463 cdn'nc
1566 431 1603 480 est
1617 441 1667 467 16.
1677 432 1770 478 quaest,

960 483 993 523 2..
1011 469 1057 506 Et
1066 474 1102 508 vt
1111 471 1151 508 ad
1160 470 1365 508 Bonifacium
1377 473 1615 524 Moguntinum
1630 480 1770 520 Archie-

953 519 1117 569 piscopum
1135 519 1238 556 scribit
1256 520 1433 559 Zacharias
1451 525 1622 576 Pontifex,
1643 530 1669 574 fi
1681 532 1768 565 alicui

954 567 1075 613 episcopo
1094 569 1288 614 concessum'fit
1299 594 1308 608 ‚
1331 572 1423 615 Vtfibi
1440 574 1495 619 ipse
1498 575 1675 621 successorem
1680 579 1766 625 suum

954 617 1099 662 defignare
1105 627 1191 662 atque
1201 617 1452 665 constituerkposst't
1465 648 1472 660 ,
1482 625 1550 657 nulli
1559 626 1694 671 alcjfacilb
1707 631 1759 663 tri-

953 667 1093 705 buendum
1111 666 1167 712 est,
1195 669 1267 712 quod
1283 669 1322 702 im
1332 670 1471 703 charitate
1489 681 1603 717 cogente
1618 678 1766 722 concessum

944 712 1145 760 fuit.c.petisti.
1154 728 1187 760 7.
1201 715 1292 761 quast.
1303 714 1360 752 1.†
1371 715 1422 755 Sic
1431 723 1462 753 ἀ
1472 720 1651 769 Gregorius
1668 727 1763 762 Ioan-

952 774 1026 798 nem
1039 763 1261 800 Rauennatem
1279 762 1566 818 Archiepiscopum
1581 784 1620 807 eo
1637 776 1766 811 nomine

951 811 1203 862 reprehendens,
1222 812 1312 863 quod
1330 817 1417 850 extra
1434 814 1604 854 Missamm
1615 816 1764 860 solemnia

951 859 1049 909 pallio
1056 860 1204 898 Vtebatur
1213 891 1225 909 ‚
1242 861 1402 912 eleganter
1412 864 1551 902 ostendit
1559 866 1589 903 se
1601 873 1615 910 (
1628 869 1685 906 nisi
1702 872 1762 908 suae

951 908 1087 946 ecclefiae
1102 909 1309 961 priuilegium
1356 909 1468 949 robare
1487 914 1577 964 poffit
1592 917 1607 962 )
1632 917 1765 958 aliarum

951 956 1148 994 ecclesiarum
1158 959 1226 995 ime
1234 959 1325 1008 singu
1341 960 1384 996 ari
1395 960 1507 999 iuuare
1516 976 1583 1000 non
1593 964 1706 1004 debere
1714 999 1728 1016 ,
1737 982 1765 1006 c.

950 1017 1049 1041 contra
1059 1019 1175 1042 naorem.
1199 1021 1268 1044 100.
1285 1009 1347 1054 dili.
1379 1010 1394 1046 †
1410 1009 1462 1047 Sic
1480 1017 1511 1047 ἀ
1523 1010 1686 1052 Dominus
1698 1022 1763 1054 no-

949 1054 1014 1091 ster
1026 1054 1180 1093 Christus
1188 1082 1197 1098 ‚
1215 1055 1293 1094 dum
1302 1056 1453 1095 iudicaret
1462 1058 1617 1097 Ioannem
1625 1077 1693 1101 non
1705 1080 1764 1103 eo-
1791 1054 1807 1089 3

948 1102 1021 1140 dem
1032 1103 1133 1141 modo
1142 1118 1179 1140 ex
1191 1105 1248 1142 liac
1266 1109 1331 1142 vita
1343 1105 1536 1145 decessurum
1544 1135 1555 1154 ‚
1572 1123 1641 1160 quo
1651 1112 1765 1151 Petrus

947 1152 1345 1203 decederetfflercunclanti
1357 1154 1457 1193 Petro
1465 1155 1504 1198 de
1516 1158 1639 1197 Ioanne
1646 1186 1655 1202 ,
1663 1175 1764 1213 quem

946 1200 1047 1238 veluti
1063 1200 1182 1238 socium
1199 1209 1229 1239 &
1239 1202 1395 1252 collegam
1411 1203 1557 1255 cupiebat
1566 1233 1577 1251 ‚
1604 1222 1663 1247 nec
1674 1210 1713 1246 ab
1722 1226 1763 1249 eo

943 1247 1044 1287 diuidi
1056 1248 1169 1293 vellet,
1192 1262 1230 1288 vt
1246 1253 1289 1288 ait
1307 1251 1573 1301 Chrysostomus.
1601 1262 1654 1293 Hic
1665 1263 1762 1297 autem

943 1300 1009 1342 quid
1019 1305 1031 1334 ἓ
1042 1297 1235 1348 Respondit,
1244 1306 1444 1345 raan.cap-vte.
1454 1306 1485 1337 Si
1493 1316 1556 1339 eum
1568 1309 1628 1341 volo
1643 1320 1759 1344 manere

943 1347 1028 1381 donec
1039 1350 1149 1382 veniam
1153 1351 1232 1393 ‚quid
1241 1351 1278 1382 ad
1286 1358 1313 1383 te
1326 1352 1336 1384 ζ
1353 1349 1417 1396 His
1427 1350 1528 1397 verbis
1537 1354 1759 1405 erudiensme-

945 1407 1009 1445 que
1020 1395 1061 1433 de
1076 1393 1178 1432 aliena
1195 1395 1344 1434 felicitate
1356 1396 1534 1437 dolendum
1546 1427 1554 1441 .
1581 1416 1685 1453 neque
1697 1419 1758 1443 cu-

945 1442 1177 1495 riosiuspiaeter
1191 1444 1334 1483 diuinam
1347 1446 1547 1486 voluntatem
1565 1451 1761 1502 inuestigan—

946 1491 1025 1529 dum
1039 1493 1071 1529 in
1083 1492 1130 1529 his
1140 1491 1319 1541 beneficijs,
1343 1508 1416 1545 quae
1434 1495 1503 1544 alijs
1520 1498 1671 1538 diuinitus
1679 1516 1762 1540 con-

947 1541 1025 1578 cessa
1042 1547 1073 1578 δι
1090 1541 1203 1578 collata
1212 1542 1283 1580 sunt
1296 1572 1308 1591 ‚
1330 1542 1428 1593 atque
1437 1546 1488 1581 sua
1505 1543 1670 1601 quemque
1680 1549 1760 1588 s01te

947 1601 1134 1628 contentum
1146 1591 1205 1628 esse
1214 1590 1337 1629 debere.
1368 1596 1397 1627 R
1404 1592 1510 1630 ursum
1520 1609 1597 1633 vero
1607 1626 1618 1644 ,
1628 1611 1702 1635 cum
1712 1599 1760 1636 E-

946 1639 1127 1688 uangelicus
1144 1637 1196 1675 ille
1206 1639 1425 1692 paterfamilias
1441 1666 1452 1684 ‚
1477 1644 1675 1688 nouissimos,
1702 1650 1759 1699 qui

947 1687 987 1724 ad
998 1686 1111 1725 horam
1129 1687 1330 1725 vndecimam
1338 1689 1478 1740 primum
1492 1704 1645 1730 venerant
1656 1694 1688 1732 in
1710 1698 1761 1732 vi-

946 1749 1052 1789 neam,
1063 1737 1202 1789 aequauit
1210 1739 1318 1785 primis
1328 1763 1339 1780 ‚
1364 1738 1486 1775 nullam
1497 1739 1544 1777 his
1550 1742 1663 1791 primis
1677 1742 1756 1782 fecit

946 1786 1091 1821 iniuriam
1102 1814 1112 1833 ,
1141 1799 1245 1836 neque
1263 1785 1309 1822 illi
1325 1786 1365 1823 de
1382 1785 1537 1824 beneficio
1555 1789 1618 1826 isto
1633 1793 1759 1828 nouiffi-

946 1833 1004 1868 mis
1015 1833 1155 1884 impenso
1164 1836 1317 1884 conqueri
1328 1846 1495 1885 poterant',
1511 1842 1541 1872 ἃ
1549 1839 1684 1888 proinde
1699 1844 1755 1879 vni

945 1894 1055 1917 eorum
1064 1881 1144 1920 dixit
1158 1886 1283 1920 matth.
1295 1888 1459 1919 20.'Amt'ce
1466 1897 1523 1919 non
1525 1887 1604 1932 facio
1614 1891 1666 1924 tibi
1677 1894 1757 1926 iniu-

942 1937 1131 1969 riam0Norme
1142 1945 1177 1966 ex
1186 1933 1300 1966 denario
1306 1933 1456 1977 conuemsti
1465 1946 1571 1969 mecum
1578 1950 1588 1969 :
1599 1941 1673 1971 Tolle
1682 1941 1757 1983 quod

942 1987 1021 2013 tuum
1032 1978 1068 2024 est
1079 1984 1113 2018 (y
1125 1982 1202 2015 vade.
1217 1987 1259 2014 An
1270 1983 1398 2015 nonlicet
1415 1986 1484 2016 mihi
1495 1986 1568 2029 quod
1577 1987 1749 2032 volofaceret

940 2033 984 2061 An
994 2029 1082 2062 oculus
1093 2038 1156 2063 tuus
1163 2041 1282 2074 nequam
1292 2029 1329 2075 est
1343 2036 1409 2074 quia
1417 2043 1467 2077 ego
1477 2033 1647 2078 bonussum?
1659 2035 1750 2074 Nam

939 2088 1012 2112 cum
1023 2090 1089 2113 non
1098 2076 1261 2121 dolerent,
1280 2079 1367 2128 quasi
1377 2077 1513 2117 fraudati
1530 2084 1674 2121 mercede
1683 2084 1749 2135 sua,

939 2124 990 2162 sed
1002 2125 1078 2177 quia
1092 2124 1142 2174 alij
1154 2126 1223 2177 plus
1240 2140 1337 2178 quam
1347 2127 1566 2171 merebantur,
1593 2145 1632 2168 ex
1645 2136 1748 2182 gratia

939 2173 1135 2225 accipiebant
1144 2202 1156 2222 ,
1166 2175 1351 2212 censuerunt
1364 2176 1427 2213 hoc
1441 2177 1575 2229 amplius
1589 2180 1656 2217 &se
1666 2196 1750 2231 quo-

939 2236 1002 2277 que
1015 2236 1052 2259 ex
1062 2223 1161 2271 gratia
1171 2224 1309 2275 accipere
1320 2223 1435 2262 debere
1443 2255 1454 2274 ,
1480 2224 1529 2262 vel
1537 2228 1697 2277 certealijs
1708 2230 1749 2267 il-

937 2270 974 2307 hs
987 2270 1181 2309 inuidebaut.
1212 2273 1225 2308 i
1252 2273 1327 2322 quia
1351 2272 1414 2310 hoc
1430 2273 1475 2311 est
1485 2277 1649 2328 proprium
1666 2281 1748 2316 inui-

936 2320 996 2357 diae
1009 2350 1020 2367 ,
1047 2319 1179 2370 quando
1189 2319 1277 2357 alteri
1288 2319 1409 2370 aliquid
1419 2322 1545 2360 additur
1557 2353 1568 2371 ‚
1580 2324 1623 2362 sic
1639 2327 1750 2366 dolent

936 2369 1036 2405 inuidi
1051 2395 1057 2407 ‚
1085 2367 1172 2419 quasi
1185 2368 1244 2405 illis
1254 2368 1291 2406 fit
1301 2369 1422 2421 aliquid
1436 2370 1623 2410 subductum
1635 2404 1645 2422 ‚
1657 2378 1748 2427 quod

935 2416 980 2453 illi
996 2417 1041 2454 cst
1060 2417 1216 2455 additum.
1248 2417 1372 2468 thuta
1394 2417 1416 2455 si
1446 2420 1581 2458 viderint
1599 2421 1666 2459 sieri
1690 2424 1748 2461 ali-

960 2479 1032 2501 uem
1041 2464 1204 2514 ditiorem,
1221 2477 1335 2516 putant
1348 2466 1448 2505 inuidi
1458 2468 1486 2505 se
1502 2482 1562 2519 pau
1586 2483 1652 2506 cres
1664 2470 1746 2510 fieri.

935 2479 967 2551 §i
978 2513 1056 2550 alter
1065 2514 1233 2565 sapientior
1242 2513 1335 2550 fiuent
1343 2513 1443 2551 faetus
1461 2517 1504 2552 ita
1515 2516 1560 2553 do
1571 2529 1625 2553 ent
1634 2544 1642 2557 ‚
1655 2520 1744 2573 quasi

934 2560 991 2611 ipsi
1002 2561 1061 2598 sint
1070 2561 1248 2612 insipientes
1257 2560 1333 2598 fasti
1345 2591 1357 2608 ,
1385 2569 1416 2598 ἀ
1427 2545 1500 2601 idco
1512 2564 1623 2602 dolent
1632 2567 1744 2604 cslese-

933 2610 1028 2648 cundi
1040 2638 1051 2658 ‚
1062 2611 1136 2661 quia
1147 2609 1325 2647 defiderant
1336 2608 1397 2646 esse
1412 2613 1531 2661 priores
1543 2638 1554 2655 ‚
1569 2626 1636 2650 non
1647 2615 1744 2652 intel..

932 2659 1063 2707 ligentes
1081 2658 1172 2710 quod
1189 2671 1256 2695 non
1270 2657 1308 2695 sit
1319 2658 1568 2698 hominisADeo
1585 2664 1741 2701 rationem
1758 2679 1759 2682 ¹

931 2706 1052 2754 consilij
1069 2708 1263 2755 exigere‚cur
1274 2719 1373 2742 vuum
1387 2707 1514 2756 euehat,
1523 2709 1619 2746 alium
1636 2710 1741 2762 depri-

931 2767 997 2791 mat
1008 2784 1021 2802 ‚
1045 2768 1143 2791 vnum
1155 2755 1278 2792 scientia
1289 2761 1318 2790 δε
1329 2754 1506 2793 eruditione
1522 2757 1674 2795 illustrem
1691 2759 1740 2796 fri-

929 2803 990 2840 ciat
1000 2833 1012 2850 ,
1039 2809 1071 2839 &
1085 2802 1182 2838 alium
1192 2817 1259 2839 non
1270 2802 1362 2839 faciat
1370 2833 1382 2850 ‚
1392 2817 1497 2855 neque
1509 2806 1737 2856 perpendentes

928 2851 1019 2900 quod
1032 2851 1086 2887 lon
1110 2850 1129 2886 ὲ
1147 2851 1241 2888 vilior
1256 2850 1302 2887 est
1310 2850 1411 2888 homo
1422 2852 1551 2890 collatus
1561 2867 1633 2890 cum
1644 2855 1734 2904 Deo,

927 2899 1024 2983 {uam
1033 2902 1098 2946 argi
1114 2898 1143 2934 la
1159 2897 1274 2936 collata
1285 2912 1359 2936 cum
1373 2899 1513 2937 homine.
1539 2901 1595 2938 De
1608 2915 1677 2952 quo
1695 2905 1736 2943 ad

962 2960 1094 2983 omanos
1109 2947 1241 2984 scribens
1254 2947 1370 2984 Beatus
1385 2947 1501 2985 Paulus
1510 2949 1571 2988 ait:
1585 2962 1647 2996 cap.
1664 2964 1694 2996 9.
1705 2961 1732 2988 ο

926 2999 1053 3032 bamma
1063 3000 1121 3040 quie
1130 3008 1158 3029 es
1169 2999 1216 3040 qui
1227 2996 1386 3042 respondeas
1398 3001 1596 3042 Deo,nunquid
1603 3002 1669 3034 dicit
1674 3001 1734 3049 fig·-

922 3045 1048 3079 »nemum
1058 3056 1082 3078 ei
1094 3042 1176 3090 quise
1185 3044 1274 3089 finxit
1287 3069 1296 3085 ,
1323 3047 1389 3089 quid
1397 3057 1441 3080 me
1450 3046 1583 3092 fecistissc
1601 3050 1612 3083 ζ
1626 3057 1669 3083 An
1679 3062 1735 3086 non

922 3094 1006 3126 habet
1015 3092 1284 3139 potestatemfigusus
1295 3095 1348 3127 luti
1360 3118 1371 3135 ‚
1395 3106 1431 3127 ex
1441 3096 1535 3130 eadem
1546 3098 1632 3143 maffa
1638 3098 1734 3144 facere

920 3143 999 3175 aliud
1010 3143 1119 3184 quidem
1129 3152 1176 3175 vac
1189 3145 1218 3175 in
1228 3145 1369 3180 honorem,
1379 3145 1457 3177 aliud
1466 3155 1531 3178 vero
1549 3148 1580 3179 in
1588 3157 1732 3182 contume-

916 3192 999 3225 liam.
1013 3188 1137 3225 Lutum
1150 3202 1188 3225 ex
1200 3187 1228 3225 se
1237 3188 1318 3225 nihil
1327 3187 1415 3226 aliud
1424 3189 1470 3227 est
1500 3205 1598 3242 quam
1609 3193 1729 3235 lutum.

915 3236 969 3274 Ex
988 3251 1028 3274 co
1043 3237 1140 3285 fingit
1153 3235 1270 3286 figulus
1288 3235 1442 3288 poculum
1464 3253 1481 3276 e
1495 3252 1592 3291 egans
1604 3271 1617 3290 ‚
1633 3245 1728 3290 quic-

1342 3285 1371 3322 B
1385 3285 1406 3321 b
1434 3301 1451 3334 3
1647 3290 1726 3348 quid
