2052 3562
301 266 387 306 lubri
407 267 459 304 sua
485 265 551 314 lege
571 264 654 300 cauit
664 288 674 305 ‚
698 264 737 300 ne
748 260 838 299 liceat
866 260 1046 298 minoribus
1070 261 1104 297 in

298 315 520 361 curatores,seu
529 315 792 351 administratores
804 312 875 350 suos
885 339 897 358 ,
906 324 1057 348 eorumne
1067 310 1108 345 li-

299 370 391 405 beros
405 368 511 415 legati,
525 364 575 403 vel
593 366 704 402 mortis
714 362 798 400 causa
814 362 999 399 donationis
1011 360 1108 398 titulo

297 417 476 469 quidquam
499 414 650 453 conferre.

247 506 256 516 .
347 470 413 504 Has
425 478 530 503 autem
544 466 728 515 suspiciones
740 461 761 499 si
774 460 898 498 amoliri
911 458 986 496 velit
1000 460 1015 499 †
1039 473 1109 496 rna-

298 519 376 553 ritus
388 543 400 560 ,
427 514 594 553 consilium
604 516 646 552 est
661 529 702 552 ex
715 512 804 550 Bald.
813 513 850 548 ad
859 513 887 547 d.
902 513 925 549 l.
937 509 1007 557 post.
1019 514 1107 556 prin-

297 570 353 613 cip.
367 574 404 605 C.
413 569 486 603 vnde
494 571 550 604 vir.
576 568 613 605 &
624 578 707 601 vxor.
730 562 891 600 renunciet
902 563 962 598 iuri
973 560 1106 596 consen-

297 609 399 654 tiendi
410 644 422 664 ,
435 621 467 652 δε
483 617 609 654 tandem
617 617 656 651 acl
671 614 822 651 cautelam
836 611 1020 648 consentiat.
1032 610 1058 646 sa
1067 613 1105 646 tis

299 669 386 703 enirn
416 669 496 712 erit,
516 665 539 703 fi
559 667 599 702 de
620 665 704 702 sac'to
716 662 852 701 seruetur
865 660 966 698 forma
977 661 1081 697 statuti
1095 687 1107 707 ,

296 719 319 753 1.
335 715 452 764 quidam
465 717 531 753 crim
538 717 645 764 filium.
653 715 689 762 ff.
707 717 741 751 de
765 715 843 750 verb.
863 714 950 759 oblag.
965 711 1026 748 Sed
1040 710 1105 746 haec

295 770 404 804 cautio
419 766 458 803 ad
480 766 636 804 tollendas
662 763 918 813 praesumptiones
932 763 999 798 istas
1011 760 1105 796 malas

261 828 269 839 -·
296 829 363 853 non
376 818 492 853 sufficit
500 842 512 859 ,
536 829 635 865 neque
647 816 716 852 stitis
727 813 887 861 mihi‚tuta
898 812 953 849 esse
964 812 1106 856 videtur,

341 867 556 916 andoquidem
567 892 578 909 ‚
592 878 629 902 vt
641 867 702 901 iam
716 866 840 901 dictum
850 863 893 899 est
907 889 916 906 ,
940 859 1102 899 consensus

290 879 355 953 &ri
375 919 408 954 in
419 917 511 953 bonis
522 942 532 959 ‚
545 918 585 951 de
596 916 713 964 quibus
723 914 854 951 liberam
867 912 1044 949 testamenti
1054 908 1100 947 fa-

293 968 433 1005 &ionem
446 979 526 1003 vxor
537 965 629 1002 habet
640 989 650 1005 ,
670 967 739 1001 eius
762 962 870 999 fauore
895 977 960 998 non
970 961 1103 1010 requiri-

294 1028 348 1054 tur
357 1030 369 1063 ,‘
384 1016 434 1053 sed
446 1017 553 1053 vxoris
561 1041 572 1057 ,
589 1015 731 1064 adeoque
741 1026 780 1049 ex
790 1026 830 1048 eo
839 1013 938 1060 capite
950 1026 1016 1048 non
1025 1009 1100 1047 sub-

293 1066 370 1106 sistit
381 1094 391 1111 ‚
409 1067 497 1116 quod
510 1067 557 1104 vir
570 1065 686 1102 statuto
700 1066 732 1100 in
746 1063 789 1099 sui
801 1061 942 1098 fauorem
953 1062 1101 1098 introdu-

292 1120 347 1155 ἃο
359 1118 539 1154 renunciare
549 1116 660 1164 potest.
677 1115 783 1162 Magis
807 1114 904 1162 igitur
915 1111 1015 1159 placet
1034 1112 1099 1146 Ti-

289 1166 422 1216 raquelli
443 1166 607 1213 consilium
619 1166 646 1201 d.
663 1163 758 1211 quast.
784 1175 835 1198 12.
845 1161 953 1208 verfic.
979 1162 1099 1197 Videant

290 1217 474 1264 igitursVbi
485 1230 524 1253 ex
537 1215 687 1253 sententia
701 1212 792 1250 Bald.
810 1214 847 1248 ad
857 1214 876 1249 l.
883 1211 983 1260 furiofi
1002 1216 1034 1247 in
1038 1211 1095 1257 fin.

293 1268 333 1306 c.
349 1270 382 1304 de
391 1276 472 1313 nupt.
493 1265 589 1302 Alex.
609 1268 674 1302 locis
682 1264 745 1313 sup.
767 1265 874 1299 citatis.
899 1267 931 1298 &
953 1261 1097 1298 Romani

291 1320 324 1353 in
333 1320 361 1353 d.
373 1321 396 1355 l.
411 1329 436 1354 1.
455 1325 492 1353 C,
506 1318 580 1351 vnde
588 1318 687 1356 vin&
698 1325 781 1351 vxor.
794 1311 890 1349 tradit
903 1310 1021 1359 causam
1035 1310 1099 1346 cla-

291 1379 356 1404 ram
370 1373 403 1404 &
420 1366 598 1414 expeditam
612 1364 679 1402 fore
693 1392 705 1411 ‚
723 1362 746 1399 si
770 1362 843 1399 loco
857 1359 1016 1398 consensus
1029 1374 1094 1396 rna-

289 1418 368 1462 riti,
389 1419 557 1454 auetoritas
577 1421 608 1451 δι
621 1415 781 1452 decretum
792 1411 903 1448 iudicis
915 1413 1096 1462 interpona-

291 1478 364 1505 tur:
378 1468 524 1504 videlicet
537 1465 620 1502 sivir
642 1466 675 1502 in
702 1464 889 1512 longinquas
909 1465 1050 1511 regiones
1061 1474 1096 1496 a-

290 1517 362 1554 beat
375 1543 386 1563 ,
397 1516 447 1554 vel
462 1515 644 1553 consensum
660 1513 743 1550 nulla
757 1513 832 1548 iusta
857 1513 979 1548 ratione
991 1511 1094 1548 addu-

290 1570 339 1604 &a
350 1567 484 1615 deneget
500 1590 512 1608 ,
521 1575 607 1603 iuxta
620 1578 653 1601 ea
666 1576 723 1611 quae
739 1573 802 1609 cap.
816 1576 846 1599 z.
857 1563 895 1603 ά·
909 1575 944 1609 4.
968 1564 1094 1597 uastata

282 1617 364 1666 sunt
376 1617 474 1662 Qiod
489 1630 592 1653 tamen
607 1618 649 1651 ita
660 1615 726 1651 fieri
740 1613 835 1649 velim
849 1638 860 1654 ,
875 1625 910 1649 vt
923 1612 1020 1648 iudex
1032 1623 1090 1647 vx·

287 1681 378 1704 orem
390 1666 558 1715 diligenter
567 1666 653 1712 prius
667 1665 822 1700 examinet
835 1686 845 1705 ,
867 1675 985 1698 numne
996 1663 1094 1709 magis

288 1718 546 1766 importunitate,
558 1715 694 1759 saeuitia,
705 1726 758 1750 aut
773 1713 869 1748 minis
879 1711 1093 1760 maritifluam

288 1766 386 1803 libera
396 1767 448 1803 sua
461 1766 625 1804 voluntate
639 1764 826 1801 addu&aita
839 1761 940 1798 testari
962 1764 1067 1811 cupiat
1082 1786 1093 1802 ,

287 1829 343 1854 cur
354 1819 550 1866 propinquos
563 1815 731 1863 postponat
742 1840 751 1856 ‚
763 1817 796 1849 &
813 1811 862 1849 his
875 1811 1095 1862 fimiliaaeac‘lue

286 1869 322 1905 in
335 1881 368 1904 re
380 1867 637 1917 circumspectum
647 1862 872 1915 oculatumciue
890 1863 1029 1901 iudicem
1038 1862 1093 1900 ess‘e

285 1926 448 1957 conuenit.

497 2029 775 2067 ·cA1>vT
825 2004 866 2066 x.

289 2146 367 2207 De
381 2156 647 2224 marito‚qui
666 2155 714 2201 in
746 2151 1014 2210 testamento
1042 2171 1093 2201 v-

363 2229 488 2276 xoris
507 2225 586 2273 suo
602 2220 816 2272 consensu
831 2220 957 2272 facto
971 2222 1089 2292 lega-

366 2311 466 2345 tum
482 2293 566 2344 fibi
579 2291 818 2361 adscripsit.

481 2415 866 2449 SVMMA'RIA.

291 2525 322 2548 ι.
343 2509 509 2557 adscribens
521 2509 584 2556 ⁴fibi
607 2511 736 2556 legatum
755 2512 786 2544 in
817 2506 977 2556 testamento
1015 2520 1092 2546 nun.

377 2562 509 2605 cupariuo
529 2569 660 2606 anpoena
677 2561 746 2607 legis
759 2559 947 2594 corneliae‘de
955 2558 1024 2607 fals.
1047 2569 1092 2594 te-

379 2618 498 2644 neatur.

288 2670 320 2694 2.
342 2656 459 2705 Falfitas
483 2663 515 2694 in
537 2655 707 2704 testamento
727 2659 924 2703 nuncupatim»
938 2655 1092 2706 nonficcil}

376 2716 575 2743 commutatur.

291 2768 321 2803 3.
347 2758 463 2793 obliuio
474 2769 512 2792 an
520 2755 715 2804 praesumatur.

285 2819 322 2854 4.
341 2809 496 2843 Doctorum
506 2807 721 2855 Louanienfium
730 2804 874 2853 confilium
884 2816 987 2843 contra
998 2813 1092 2843 Caro-

378 2859 440 2892 lum
448 2858 626 2894 Molmaeum.
644 2860 650 2865 '

382 2952 459 2990 Vod
474 2952 658 3003 generaliter
667 2957 701 2991 S.
716 2958 760 2992 C.
775 2954 959 2991 Liboniano
973 2979 984 3000 ,
1008 2958 1040 2991 &
1055 2970 1090 2991 e·

383 3004 471 3040 diem
495 3004 576 3041 Diui
598 3004 728 3053 Claudij
749 3017 878 3042 cautum
903 3002 965 3041 fuit
987 3029 998 3049 ,
1017 3018 1089 3042 eum

279 3053 335 3101 qui
354 3053 492 3103 legatum
518 3053 574 3092 sibi
597 3053 748 3105 adscripsit
774 3079 786 3098 ‚
806 3057 839 3092 in
867 3067 997 3103 poenam
1021 3054 1087 3093 falfi

281 3101 437 3149 incidere,
456 3104 657 3157 legatquue
667 3119 725 3154 pro
738 3119 803 3142 non
814 3105 931 3153 scripto
943 3103 1008 3148 esse,
1019 3107 1040 3141 1.
1059 3118 1087 3142 ι’.

280 3153 319 3190 ό
330 3155 384 3191 vlt.
396 3156 428 3201 ff·
442 3157 476 3190 de
494 3157 536 3191 his
548 3166 606 3200 qua
617 3166 669 3202 pro
680 3169 739 3193 mm
748 3157 834 3203 scrip.
845 3157 950 3191 haben.
962 3157 983 3190 l.
993 3154 1082 3202 filius.
1101 3174 1105 3186 κ

278 3201 311 3248 ξ.
324 3201 444 3249 sequens
459 3217 505 3250 qu.
525 3207 564 3245 (φ
581 3210 602 3243 l.
617 3209 708 3242 Diuus
716 3207 752 3255 ff.
769 3208 808 3242 ad
817 3209 877 3253 leg.
888 3210 977 3240 corn.
991 3205 1085 3252 defal.

278 3250 364 3287 idem
385 3254 419 3288 in
444 3253 540 3302 specie
566 3256 607 3291 de
629 3256 743 3294 marito
763 3254 821 3292 fibi
844 3254 1034 3291 adscribente
1055 3254 1090 3290 in

278 3300 467 3340 testamento
488 3305 602 3341 vxoris
621 3304 722 3344 sanxit
744 3310 829 3356 Imp.
841 3303 938 3342 Alex.
948 3307 973 3341 1.
987 3306 1089 3352 quain

826 192 1065 234 PETRVS
1117 194 1388 233 PEcKtvs
1434 195 1466 230 1.
1501 194 1562 229 ·C.

1156 256 1335 304 testamento.
1346 264 1384 294 C.
1396 257 1428 292 de
1440 261 1472 294 iis
1484 254 1594 302 quifibi
1606 254 1723 305 adftrib.
1739 254 1757 303 [
1770 258 1850 297 Quae
1870 256 1904 294 in
1916 267 1966 293 te·

1156 308 1309 344 stamento
1333 310 1441 344 vxoris
1464 319 1593 342 maritus
1618 308 1669 342 sua
1691 304 1960 355 manulegatafibi

1154 356 1363 406 adscripserit,
1378 369 1436 405 pro
1449 344 1515 391 tion
1529 354 1646 404 scriptis
1657 355 1865 397 habenturtfl&
1879 358 1954 405 legis·

1156 406 1316 444 Corneliae
1328 419 1423 454 poena
1434 434 1445 451 ‚
1457 404 1479 442 sl
1494 407 1584 443 venia
1601 407 1766 455 impetrata
1777 420 1844 443 non
1854 407 1959 452 est,lo-
2004 416 2008 420 ·

1156 472 1227 495 cum
1242 456 1365 506 haben]

1206 512 1368 544 Caeterum
1388 505 1429 541 de
1444 503 1579 541 vtilitate
1601 503 1688 540 istius
1707 503 1798 554 legati
1822 505 1874 541 hic
1892 518 1959 541 non

1154 559 1346 606 quaerimus3
1370 568 1444 591 curn
1466 555 1653 604 praecedenti
1675 568 1743 604 cap.
1763 555 1957 592 demonstra-

1155 618 1226 644 tum
1241 606 1282 644 fit
1290 633 1301 650 ‚
1325 605 1473 642 maritum
1483 617 1523 641 ex
1533 605 1718 642 testamento
1730 607 1835 642 vxoris
1845 631 1858 651 ‚
1865 604 1957 655 quod

1154 657 1211 694 suo
1234 653 1382 694 consensu
1399 653 1517 691 factum
1528 655 1570 691 est
1582 680 1592 700 ‚
1606 667 1710 702 capere
1722 669 1786 691 non
1797 654 1896 705 possen
1911 656 1957 693 11-

1154 706 1208 744 lud
1237 719 1342 744 tamen
1360 705 1480 741 constat
1494 730 1506 747 ,
1528 704 1552 742 si
1575 705 1646 753 quis
1669 705 1807 754 legatum
1820 705 1878 743 fibi
1900 705 1959 742 ad-

1155 757 1322 808 scripserit,
1343 769 1438 805 poena
1450 755 1526 803 legis
1545 753 1707 792 Corneliae
1721 754 1841 800 adfici,
1861 757 1957 792 etiam

1153 806 1175 844 fi
1190 807 1304 845 inutile
1315 807 1452 856 legatum
1471 804 1542 845 sit‚l.
1549 805 1578 852 fi
1587 809 1648 851 quis
1658 806 1785 853 legatum
1810 805 1841 852 ff.
1857 807 1957 854 adleg.

1153 864 1269 896 cornel.
1280 861 1312 894 de
1317 858 1413 906 satyr
1431 856 1547 896 &lib-i
1558 879 1568 891 0
1583 865 1645 900 cap.
1662 854 1893 902 14.latit)sd1xi.
1908 859 1972 892 vi-v

1150 908 1280 945 deamus
1301 923 1339 944 an
1354 906 1375 942 fi
1399 907 1432 942 in
1453 907 1669 952 nuncupatiuo
1693 905 1879 942 testamento
1889 919 1958 942 ma-

1150 961 1229 995 ritus
1249 957 1305 994 sibi
1317 955 1506 1005 adscripserit
1518 966 1668 1001 ,poenam
1687 955 1790 992 subeat
1805 958 1818 992 ζ
1834 960 1907 999 Qua
1922 957 1959 993 in

1149 1021 1181 1044 re
1194 1021 1305 1057 magna
1328 1010 1428 1044 Doet.
1453 1006 1497 1043 est
1506 1004 1667 1052 dissensio,
1687 1018 1788 1055 neque
1800 1019 1835 1042 ea
1848 1005 1958 1043 vnius-

1148 1058 1252 1094 modi.

1197 1110 1278 1145 Sunt
1301 1107 1384 1143 enim
1405 1107 1462 1155 qui
1471 1103 1658 1141 arbitrantur
1668 1116 1797 1153 poenam
1807 1103 1894 1140 istam
1904 1096 1957 1141 ΙοζΛΔ

1147 1169 1220 1193 cum
1243 1156 1352 1194 babere
1362 1156 1456 1194 noni·
1469 1154 1572 1203 solum
1589 1156 1624 1189 in
1646 1155 1834 1191 testamento
1846 1154 1954 1192 inscri-
1974 1180 2007 1210 R

1146 1209 1209 1253 ptis
1223 1234 1232 1250 ,
1254 1206 1305 1243 sed
1332 1207 1428 1242 etiam
1454 1208 1487 1242 in
1511 1207 1733 1253 nuncupatiuo
1745 1204 1952 1251 testamento,

1144 1257 1233 1305 quod
1247 1258 1281 1292 in
1294 1256 1451 1305 publicam
1464 1256 1644 1305 scripturam
1655 1254 1813 1291 sedanam
1823 1255 1952 1301 est‚Din.

1145 1315 1221 1354 Cyn.
1244 1310 1349 1352 Angel.
1374 1309 1464 1341 salic.
1488 1309 1548 1341 inl.
1569 1321 1596 1343 1.
1611 1307 1649 1344 (7
1662 1319 1694 1341 2.
1706 1311 1744 1341 C.
1756 1306 1826 1341 deria
1837 1309 1884 1351 qui
1893 1305 1952 1351 fibi
1998 1332 2001 1334 -

1148 1356 1270 1403 adscrib.
1283 1358 1364 1392 Bald.
1374 1359 1434 1393 inl.
1458 1355 1628 1390 dictantibus
1640 1358 1671 1391 in
1678 1353 1736 1402 fin.
1751 1361 1787 1391 C.
1798 1357 1831 1390 de
1838 1352 1964 1401 testam„

1143 1408 1265 1441 Ans-har.
1285 1410 1316 1441 in
1337 1415 1403 1452 cap.
1421 1415 1489 1451 pen.
1513 1407 1546 1440 de
1564 1404 1635 1452 fals.
1659 1405 1766 1440 Barba.
1783 1404 1876 1451 confit.
1890 1408 1948 1451 58.

1144 1458 1236 1501 Capio
1242 1458 1433 1500 primum.col.
1443 1466 1472 1499 15
1483 1457 1530 1494 ,ὠ
1541 1456 1591 1500 aly·
1600 1466 1668 1500 quos
1678 1457 1949 1499 ritat.Nicol.BeHo.

1143 1505 1220 1553 cons.
1236 1517 1292 1551 79.
1305 1516 1386 1551 num.
1404 1519 1431 1553 3.
1442 1504 1583 1540 Primum
1593 1506 1678 1540 enim
1689 1502 1867 1552 regulariter
1883 1503 1948 1540 dis-

1142 1554 1257 1601 positio
1267 1556 1398 1604 loquens
1410 1556 1450 1591 de
1462 1555 1645 1591 testamento
1653 1554 1816 1601 inscriptis,
1831 1565 1944 1590 exten-

1143 1603 1232 1641 ditur
1241 1606 1279 1641 ad
1291 1605 1538 1653 nuncupatiuum
1551 1631 1562 1650 ,
1571 1604 1672 1642 veluti
1684 1602 1886 1652 subrogatum
1900 1602 1946 1640 sa-

1143 1657 1191 1703 pit
1202 1656 1344 1692 naturam
1355 1656 1421 1692 eius
1437 1680 1448 1699 ,
1473 1656 1506 1690 in
1520 1657 1609 1691 cuius
1620 1654 1727 1691 locum
1738 1654 1922 1702 subrogatur
1933 1679 1946 1697 ,

1142 1708 1164 1740 Ι.
1179 1708 1232 1740 vlt.
1243 1713 1279 1742 C.
1296 1707 1330 1741 de
1349 1708 1449 1742 bonor.
1459 1704 1593 1752 poffisec.
1604 1707 1666 1740 tab.
1690 1705 1770 1753 gloff.
1790 1708 1903 1742 ord-ina.
1916 1706 1949 1740 in

1142 1756 1165 1789 l.
1179 1756 1231 1790 ult.
1246 1757 1285 1789 ad
1294 1756 1371 1791 verb.
1383 1754 1545 1800 depofition.
1570 1760 1606 1790 C.
1625 1755 1659 1788 de
1669 1757 1737 1790 edic.
1762 1756 1833 1788 Diui
1845 1756 1946 1791 Adria.

1144 1805 1195 1838 tol.
1212 1803 1354 1840 >Deinde
1366 1802 1406 1841 ad
1427 1802 1506 1839 hanc
1526 1803 1736 1840 extensionem
1752 1802 1953 1852 praecluditur

1148 1854 1200 1888 via
1219 1852 1363 1899 falsitati,
1387 1867 1447 1904 qua
1459 1853 1538 1890 nihil
1549 1857 1648 1903 magis
1659 1855 1741 1903 leges
1753 1852 1882 1889 exosum
1896 1846 1951 1889 ha-

1145 1902 1222 1941 bent
1234 1929 1244 1947 ,
1260 1913 1392 1953 quaeque
1404 1903 1522 1941 causam
1536 1906 1627 1941 Diuo
1637 1904 1780 1941 Claudio
1792 1904 1880 1940 dedit
1892 1930 1902 1948 ,
1914 1914 1952 1942 vt
2003 1916 2006 1917 ⁷

1145 1952 1209 1990 hoc
1219 1956 1321 2003 capite
1332 1956 1371 1991 de
1393 1956 1431 1991 iis
1456 1956 1513 2003 qui
1536 1953 1593 1991 sibi
1617 1955 1795 1991 adscribunt
1816 1982 1827 2002 ‚
1848 1951 1951 2002 legem

1146 2005 1333 2042 Corneliam
1348 2004 1520 2052 ampliaret.
1532 2004 1649 2041 Tertio
1660 2006 1812 2048 memoria
1823 2005 1957 2041 testium

1145 2052 1246 2090 labilis
1268 2057 1332 2100 est,
1347 2060 1389 2092 ’δέ
1406 2068 1506 2092 rerum
1531 2056 1682 2104 gestarum
1706 2054 1867 2091 obliuioni
1890 2053 1953 2090 ob·
2009 2097 2012 2099 Α
2050 2096 2052 2098 ,

1145 2106 1252 2140 noxia.
1265 2104 1429 2142 Postremo
1445 2103 1467 2141 si
1478 2105 1568 2142 testes
1582 2105 1952 2150 moriantur‚innocentia

1145 2156 1248 2190 mariti
1260 2155 1331 2200 ,seu
1344 2156 1411 2191 eius
1426 2156 1483 2205 qui
1494 2152 1713 2199 testamentum
1727 2153 1841 2204 scripsit
1853 2181 1864 2201 ,
1874 2167 1952 2204 pro-

1145 2205 1209 2242 bari
1227 2218 1291 2241 non
1305 2206 1432 2255 poterit.

1194 2253 1316 2291 Verum
1342 2255 1382 2292 ad
1406 2253 1491 2292 hasce
1512 2256 1646 2293 rationes
1654 2251 1750 2290 facilis
1759 2252 1801 2290 est
1815 2252 1942 2302 respon-

1144 2301 1201 2341 sio.
1226 2309 1311 2342 Nam
1333 2306 1371 2342 ad
1392 2306 1527 2354 primam
1548 2304 1636 2355 quod
1657 2305 1790 2346 attinet,
1809 2301 1950 2341 extensio

1144 2353 1196 2391 hic
1205 2355 1402 2394 admittenda
1416 2370 1483 2393 non
1505 2356 1652 2399 videtur,
1669 2360 1835 2403 propterea
1859 2353 1952 2402 quod
2012 2365 2018 2373 ”

1080 2433 1086 2434 ff
1142 2405 1177 2439 in
1188 2406 1340 2455 ambiguo
1349 2431 1361 2451 ,
1385 2406 1464 2442 odia
1478 2405 1686 2457 restringenda
1695 2403 1766 2441 sunt
1776 2427 1787 2446 ‚
1811 2410 1842 2441 &
1854 2417 1888 2440 ea
1900 2405 1953 2440 in·

1143 2458 1329 2502 terpretatio
1354 2456 1452 2504 accipi
1475 2456 1571 2494 debet
1596 2482 1607 2500 ,
1627 2467 1686 2504 -per
1705 2467 1799 2504 quam
1841 2452 1952 2491 delicti

1143 2503 1350 2555 praesumptio
1375 2507 1513 2544 euitatur
1538 2533 1548 2548 ,
1571 2512 1710 2554 &poena
1735 2504 1904 2545 auertitur,
1924 2506 1950 2540 Ι.

1136 2554 1248 2601 semper
1261 2559 1291 2592 in
1312 2556 1439 2605 obscuris.
1450 2555 1487 2603 ff.
1500 2558 1532 2592 de
1541 2559 1633 2604 regul.
1649 2558 1705 2591 iur.
1720 2554 1790 2601 cap.
1806 2555 1871 2591 odia,
1881 2554 1944 2589 eod.

1142 2606 1192 2641 tit.
1216 2605 1359 2656 adeoque
1381 2606 1515 2655 benigna
1537 2604 1613 2654 legis
1624 2606 1704 2643 ratio
1712 2602 1839 2641 suadet.
1860 2615 1895 2640 vt
1914 2603 1950 2639 in
2015 2605 2034 2633 ’-“

1144 2659 1362 2705 nuncupatiuo
1397 2657 1613 2701 oestamenm,
1645 2654 1685 2691 de
1708 2665 1775 2702 quo
1809 2651 1955 2702 expresse

1144 2716 1273 2742 cautum
1296 2721 1361 2745 non
1375 2706 1436 2751 est,
1459 2705 1592 2756 poenalis
1615 2704 1669 2742 ista
1692 2703 1877 2740 constitutio
1898 2702 1950 2739 lo-

1142 2767 1215 2791 cum
1236 2769 1301 2794 non
1326 2757 1450 2795 habeat.
1469 2756 1611 2793 Secunda
1632 2753 1729 2803 porro
1749 2756 1828 2792 ratio
1850 2751 1948 2790 etsiin
1976 2796 1980 2799 ¹
2004 2757 2005 2760 ’
2024 2770 2048 2794 ,-

1142 2802 1274 2852 speciem
1289 2808 1452 2856 vrgentior
1463 2807 1505 2844 est
1515 2834 1526 2854 ‚
1537 2808 1604 2844 vim
1616 2818 1682 2842 non
1694 2800 1767 2841 facit
1780 2820 1789 2841 :
1813 2804 1887 2854 quia
1897 2813 1946 2840 te-

1142 2855 1329 2894 stamentum
1349 2861 1370 2881 *
1391 2857 1643 2906 nuncupatiuum
1663 2854 1701 2892 fit
1723 2854 1820 2903 palam
1843 2858 1874 2890 &
1890 2864 1945 2888 co·
1964 2881 1999 2908 2.
2022 2852 2034 2877 7

2031 2908 2035 2920 1

1142 2918 1209 2942 ram
1219 2905 1347 2944 testibus
1367 2934 1378 2953 ,
1404 2909 1427 2943 l.
1449 2907 1578 2942 haredes.
1590 2908 1622 2953 ξ.
1630 2902 1768 2951 palamff.
1784 2906 1818 2939 de
1835 2901 1943 2951 testam.

1143 2960 1177 2991 &
1189 2957 1272 3000 vires,
1280 2959 1365 3004 capit
1378 2969 1443 2993 non
1466 2969 1505 2992 ex
1526 2955 1671 3004 scriptura
1680 2980 1690 2995 ‚
1709 2951 1760 2989 sed
1772 2966 1810 2989 ex
1824 2951 1887 2989 fide
1897 2964 1946 2988 te·
2004 2988 2014 3002 .-

1143 3005 1238 3042 stium
1263 3031 1275 3050 ‚
1308 3019 1377 3056 quo
1400 3005 1512 3043 vident
1533 3009 1566 3042 &
1589 3004 1722 3042 audiunt
1741 2998 1819 3039 illud
1839 3002 1899 3051 legi
1911 3003 1946 3038 in
1993 3048 1997 3054 ἱ
2028 3027 2029 3030 =

1143 3055 1311 3106 conspeetu
1345 3055 1508 3093 testatricis
1541 3081 1552 3097 ,
1586 3058 1620 3091 &
1651 3051 1737 3089 facile
1779 3051 1947 3101 perspicere
1996 3067 1999 3070 ⁴

1141 3104 1267 3155 possunt
1292 3131 1304 3149 ‚
1325 3120 1365 3144 an
1389 3105 1441 3143 illa
1452 3097 1562 3142 omnia
1575 3104 1724 3152 scriPta&
1737 3103 1864 3139 recitata
1882 3099 1948 3151 pla·
1991 3136 1998 3141 ,

1768 3151 1925 3200 adprobet
1934 3172 1957 3197 3,
2019 3174 2021 3178 <

1338 3209 1449 3257 itaque
1467 3205 1509 3242 de
1530 3203 1612 3240 facili
1631 3201 1718 3240 falcit
1737 3215 1750 3238 s
1778 3202 1824 3238 ibi
1858 3203 1952 3238 com-2
1994 3206 1998 3210 “
2032 3196 2051 3243 ζ’

1142 3154 1182 3192 ne
1204 3154 1360 3206 intelligat
1373 3180 1384 3198 ‚
1405 3161 1438 3194 &
1458 3155 1551 3192 libera
1577 3145 1747 3239 volunta?

1142 3218 1201 3242 nec
1227 3220 1266 3244 ne
1290 3221 1299 3244 =

1142 3257 1232 3293 mitti
1258 3271 1323 3295 non
1340 3258 1451 3308 potest.
1476 3253 1576 3296 Quod
1598 3266 1703 3291 autern
1723 3253 1763 3290 de
1783 3252 1951 3289 obliuione

1143 3305 1272 3345 testium
1296 3307 1440 3355 dicitur,
1465 3305 1560 3343 nimis
1585 3301 1737 3355 frigidum
1756 3308 1789 3342 δι
1808 3304 1948 3387 icius-nug!
1968 3319 1984 3358 3
1987 3319 2002 3361 ,ς

1893 3365 1912 3389 e
1940 3374 1950 3386 .
