2052 3562
330 175 407 210 DE
458 171 906 211 TESTAMENTIS
959 171 1225 208 CONIVG.
1274 174 1378 209 LIB.
1431 174 1476 210 V.

82 247 179 282 saduc.
193 244 287 279 tollen.
311 243 354 279 ita
374 245 408 277 &
430 243 461 278 in
473 243 658 278 conditione
689 243 789 278 mixta
802 253 875 290 quae

82 294 197 343 pendet
208 306 249 330 ex
271 295 354 329 racto
379 292 506 340 implere
527 293 669 329 debentis
679 297 711 328 &
724 293 851 328 alterius
861 317 872 336 ,

80 345 130 381 vel
140 344 159 378 a
176 342 245 379 casu
258 345 350 391 :quia
361 341 383 378 fi
395 342 540 378 conditio
551 344 740 391 impediatur
760 354 813 390 per
824 355 878 377 ca-

81 394 150 430 sum
163 405 194 429 m
202 392 382 437 ortis,deliit
394 393 541 441 legatum.
542 393 623 439 gloff.
637 396 667 427 in
677 394 706 428 d.
720 394 741 427 l.
753 393 783 426 in
792 389 877 437 testa-

16 457 21 472 ·
78 444 226 486 merim&
238 443 279 477 ibi
290 442 804 490 Bart.Castren.cor1fi1.7.mc1p.circa
814 443 878 486 pri-

77 494 314 537 mum,colum.2.
326 496 356 527 in
369 495 504 539 φυηῤ
517 493 611 539 confit.
618 493 877 538 31.lib.2.Secun-

78 542 126 579 do
141 541 271 578 videtur
292 543 413 591 probari
427 543 490 578 haec
504 545 615 590 opinio
626 543 658 576 in
672 540 694 576 l.
710 541 772 577 illis
783 540 876 576 liber-

0 620 9 634 .-
76 594 118 631 tis
129 595 162 629 in
173 589 212 627 fi.
227 590 259 629 ff.
272 594 313 629 de
322 592 446 629 condit.
460 598 491 628 &
512 591 669 628 demonst.
683 591 737 627 vbi
747 591 770 627 fi
784 591 878 627 testa-

0 644 3 665 ”
18 649 27 664 ⁶
79 653 136 681 tor
155 640 306 691 relinquit
328 642 474 678 alimenta
488 642 537 678 his
547 646 604 690 qui
615 642 654 677 εὖ
664 639 733 678 filio
740 643 795 679 suo
805 654 878 677 mo-

72 694 138 730 rati
153 691 244 728 ess'ent
256 717 267 738 ,
285 705 415 729 mortuo
427 692 600 735 filio,ceffat
611 692 748 739 legatum
762 689 877 729 alime'-

76 754 196 780 torum.
221 742 408 787 Quomodo
425 742 562 780 Anchar.
585 741 663 788 cons.
683 754 763 788 237.
783 743 874 786 incip.

78 795 154 841 Qia
164 795 195 828 in
205 795 300 837 primo
330 792 496 841 respondet
507 818 518 835 ,
544 793 634 841 quod
657 791 793 839 legatum
818 792 875 825 ali-

77 854 258 878 mentorum
272 840 429 880 factorum
442 845 475 880 in
486 844 628 878 fauorem
640 843 793 884 eius,cum
809 852 876 888 quo

75 893 146 941 quis
157 890 252 927 debet
264 895 376 928 morari
387 919 397 938 ,
410 906 464 941 per
482 905 618 929 mortem
632 894 699 927 eius
710 892 873 939 extingui-

76 953 140 984 tur,
151 945 170 976 l.
184 941 331 987 Seio.ff.de
340 948 444 978 annuis
455 943 660 989 legat.Signor.
674 940 770 987 confit.
789 953 862 988 179.

79 994 205 1038 incipJn
216 993 341 1027 themate
350 993 503 1040 propofito.
519 991 722 1039 Tertio‚quia
734 991 817 1027 istud
830 992 876 1026 le-

75 1053 185 1090 gatum
201 1041 327 1077 videtur
341 1042 396 1077 effe
409 1056 548 1078 annuum
560 1066 570 1084 ,
585 1053 618 1077 vr
628 1044 673 1077 ait
687 1043 760 1076 idem
770 1043 876 1076 Decius

78 1090 164 1138 const.
176 1095 220 1127 62
229 1106 238 1128 i
247 1119 256 1128 .
273 1093 359 1136 incip.
373 1094 445 1126 alias
463 1092 602 1139 consului.
617 1098 648 1128 &
664 1092 738 1127 ideo
751 1105 821 1127 non
833 1093 876 1127 est

77 1152 271 1191 perpetuum,
280 1141 296 1175 s
295 1145 333 1177 ed
346 1141 505 1178 illis-annis
514 1142 776 1190 debetur,quibus
789 1154 872 1178 vxor

18 1189 23 1193 ”
77 1190 161 1240 apud
172 1190 289 1226 liberos
301 1190 471 1228 habitauit.

144 1240 244 1277 Portu
268 1252 371 1277 autem
403 1241 555 1277 omnibus
579 1240 660 1278 reste
691 1238 842 1290 perpensis
864 1265 875 1286 ,

77 1289 208 1327 videtur
234 1290 313 1326 mihi
346 1291 435 1340 quod
456 1305 496 1327 ex
516 1290 757 1341 allegationibus
769 1292 875 1327 dieto-

22 1386 25 1389 ·
78 1353 147 1377 rum
162 1342 344 1376 Doctorum
362 1342 410 1376 hae
423 1339 634 1378 couclufiones
645 1341 793 1377 constitui
805 1337 875 1389 pos-

77 1388 162 1433 sunt,
168 1403 207 1426 ex
220 1390 335 1439 quibus
349 1393 452 1427 omnis
460 1391 511 1426 illa
520 1392 686 1429 contentio
697 1403 870 1442 compona-

47 1478 49 1482 Α
79 1449 131 1476 tur
151 1452 246 1489 atque
268 1440 495 1477 reconcilietur.
518 1442 621 1477 Prima
642 1441 685 1477 est
705 1466 717 1487 ,
740 1441 829 1491 quod
851 1439 874 1476 fi

15 1520 17 1522 .
78 1489 257 1538 fimpliciter
265 1492 357 1526 vxori
368 1490 464 1540 legata
475 1490 591 1528 fuerint
611 1491 758 1528 alimenta
772 1517 784 1536 ,
807 1502 873 1528 non

77 1540 194 1577 adiecta
217 1540 404 1577 conditione
417 1566 429 1586 ,
458 1539 481 1577 fi
504 1553 580 1577 cum
595 1540 733 1590 prolibus
753 1541 876 1578 babita-

77 1594 159 1628 uerit
172 1616 184 1636 ,
200 1590 366 1627 autdonec
386 1604 458 1627 cum
481 1590 541 1626 illis
559 1591 745 1628 habitauerit
759 1617 770 1637 ‚
797 1603 874 1627 tunc

75 1638 215 1691 legatum
232 1639 458 1678 alimentorum
483 1654 548 1677 non
570 1644 768 1690 extinguitur
782 1667 794 1687 ,
815 1639 872 1678 mfi

77 1702 183 1728 morte
197 1693 310 1727 vxoris
322 1691 363 1727 de
371 1703 439 1739 quo
451 1691 534 1727 nulla
544 1692 586 1728 est
595 1693 757 1728 dubitatio
773 1696 866 1738 :quia

76 1740 153 1778 alias
167 1739 284 1788 semper
301 1767 313 1787 ,
333 1741 469 1788 legatum
492 1741 715 1778 alimentorum
738 1767 750 1786 ,
777 1751 807 1777 vt
830 1743 872 1776 ait

74 1790 156 1841 gloffl
169 1790 205 1829 ἐν
223 1792 302 1826 noct.
320 1792 387 1827 adl.
400 1804 432 1827 2.
443 1797 480 1825 C.
492 1794 526 1826 de
535 1794 608 1838 lega.
622 1796 643 1827 l.
655 1805 716 1827 cum
728 1795 769 1826 tn.
780 1796 873 1837 §.mo-

80 1843 129 1876 dm
136 1839 172 1886 ff
184 1839 219 1873 de
231 1839 369 1888 transac'k.
385 1855 450 1877 non
459 1840 558 1876 solum
573 1843 612 1877 ab
624 1841 797 1876 haeredibus
808 1842 873 1888 pri-

10 1908 13 1910 *
28 1896 40 1919 ’-
79 1893 141 1927 mis
153 1915 165 1935 ‚
181 1887 230 1924 sed
252 1890 292 1925 ab
311 1891 460 1928 omnibus
478 1890 650 1928 liaeredibus
664 1893 695 1927 in
708 1889 873 1926 infinitum

81 1942 175 1977 vxori
194 1938 325 1985 praestari
340 1940 433 1977 debet
443 1964 454 1981 ‚
465 1941 494 1978 d,
509 1944 530 1980 Ι.
545 1952 608 1977 cum
621 1953 702 1978 vnus.
718 1943 830 1976 Bocrius
841 1953 870 1987 q.

83 2000 284 2026 101.num.1.
405 2001 408 2004 ·

136 2038 278 2074 Secunda
293 2037 450 2075 conclusio
460 2036 502 2072 est
515 2063 525 2082 ‚
544 2037 632 2085 quod
657 2038 792 2089 legatum
816 2038 871 2075 ali-

42 2103 43 2106 *
85 2100 266 2125 mentorum
278 2086 394 2124 factum
407 2089 499 2126 vxori
512 2111 524 2130 ,
542 2087 563 2123 si
576 2100 629 2124 aut
638 2089 739 2126 donec
752 2088 871 2124 habita-

83 2140 166 2175 uerit
176 2150 249 2173 cum
264 2136 424 2186 prolibus,
451 2138 502 2174 vel
513 2138 686 2175 haeredibus
699 2140 870 2181 testatoris,

82 2200 186 2226 morte
197 2186 355 2223 haeredum
366 2198 420 2223 aut
440 2185 573 2237 prolium
587 2202 652 2224 non
665 2191 872 2237 extinguitur,

87 2237 146 2273 ad.
164 2252 191 2275 1.
205 2244 241 2273 c.
254 2239 289 2272 de
300 2240 388 2284 legat,
402 2239 478 2278 (rii.
488 2240 519 2283 ᾧ.
544 2245 711 2286 Imperator.
730 2241 818 2288 quod
828 2242 869 2277 eit

83 2284 211 2335 speciale
229 2285 335 2324 fauore
358 2288 601 2325 alimentorum:
624 2287 672 2324 sed
683 2289 768 2325 aliud
779 2291 821 2327 est
836 2294 870 2326 in

85 2335 153 2373 aliis
162 2337 268 2385 legatis
283 2362 292 2377 ,
305 2339 338 2373 in
348 2338 463 2386 quibus
477 2350 543 2373 non
556 2340 657 2385 agitur
666 2339 706 2375 de
717 2338 870 2378 alimentis

81 2390 115 2422 &
126 2394 236 2423 eorum
249 2384 355 2424 fauore
364 2414 376 2434 ,
387 2387 427 2424 de
446 2387 559 2435 quibus
576 2389 714 2426 Roman.
728 2391 845 2427 Decius
857 2417 869 2434 ,

83 2440 117 2471 ἃ
132 2435 183 2484 alij
197 2435 331 2484 superius
343 2436 362 2471 ὲ
388 2450 438 2472 me
449 2435 589 2482 addueti,
602 2436 870 2487 loquuntur‚ade6

82 2486 171 2533 quod
184 2485 286 2523 dietus
300 2487 415 2523 Decius
424 2488 452 2522 d.
467 2486 545 2534 cons.
563 2492 639 2533 526.
651 2501 729 2526 num.
746 2502 779 2535 7.
793 2493 868 2539 vers.

86 2535 217 2570 Secundo
239 2536 426 2582 respondetur.
444 2536 528 2572 dicat
540 2562 550 2579 ‚
569 2539 657 2584 quod
676 2539 735 2575 d.1.
751 2555 780 2578 1.
805 2555 870 2579 non

84 2582 179 2621 habet
191 2581 299 2621 locum
311 2587 344 2621 in
361 2585 466 2635 legato
478 2584 664 2624 vsusfruetus
677 2613 687 2628 ‚
698 2590 791 2625 etiam
802 2589 822 2627 si
838 2592 870 2628 in

84 2632 232 2671 alimenta
255 2633 433 2672 resoluatur.
443 2637 526 2678 Quia
545 2635 617 2674 licet
641 2639 799 2675 interdum
822 2654 869 2677 re·

84 2681 220 2721 soluatur
248 2683 382 2734 legatum
408 2683 601 2732 vsussrufflisg
611 2688 644 2722 in
666 2687 801 2737 legatum
812 2690 870 2725 ali-

64 2738 66 2741 '
84 2744 267 2770 mentorum
283 2760 294 2778 ,
313 2745 417 2771 tamen
442 2748 506 2771 non
529 2736 645 2772 dicitur
656 2737 716 2774 hoc
735 2738 870 2786 legatum

84 2780 269 2831 simplicitur
291 2782 426 2831 legatum
447 2784 687 2831 alimentorum,
707 2787 755 2823 sed
767 2788 872 2826 secun-

86 2831 166 2869 dum
177 2833 373 2883 quid.Verba
393 2846 497 2870 autem
507 2835 622 2872 debent
643 2837 775 2885 intelligi
799 2837 871 2874 sim-

85 2881 226 2930 plicitur,
238 2887 270 2918 &
283 2896 348 2918 non
359 2883 529 2922 secundum
539 2887 631 2935 quid,
641 2889 720 2924 Lboc
734 2890 870 2935 legatum,

87 2931 177 2971 &ibi
193 2930 345 2977 Bartffide
354 2935 408 2979 leg.
415 2944 446 2971 2.

80 2995 82 2999 ’
136 2982 247 3020 Tertia
265 2981 423 3018 conclusio
433 2981 475 3019 est
484 2984 592 3032 ‚quod
606 2983 668 3021 fiue
678 2983 714 3020 fit
734 2984 871 3034 legatum

87 3027 308 3069 alimentorum
337 3056 348 3073 ,
369 3029 431 3067 siue
450 3030 532 3068 aliud
566 3033 704 3082 legatum
731 3036 874 3072 relietum

35 3102 40 3105 —
88 3082 183 3115 vxori
197 3107 207 3124 ,
221 3080 277 3116 sub
297 3079 354 3116 hac
367 3080 516 3126 clausula,
539 3081 596 3128 [si
611 3096 663 3120 aut
672 3083 776 3121 donec
802 3099 872 3122 cum

88 3128 230 3175 prolibus
250 3129 475 3178 habitauerit.]
497 3129 723 3178 inspiciendum
743 3135 807 3180 est,
819 3149 875 3172 cu·

90 3178 140 3213 ius
149 3176 254 3215 fauore
277 3178 413 3216 clausula
423 3179 476 3216 illa
495 3181 610 3218 adiecta
621 3181 668 3219 fit.
691 3186 775 3221 Nam
786 3184 809 3221 fi
820 3185 876 3222 ad-

91 3227 198 3274 ijcitur
205 3229 301 3276 gratia
313 3228 398 3266 illius
408 3255 420 3275 ,
439 3233 521 3280 apud
533 3244 629 3280 quem
648 3244 728 3268 vxor
741 3234 876 3272 babitare

86 3275 185 3316 debet
196 3302 209 3324 ,
224 3289 290 3315 non
304 3277 437 3317 dubium
447 3279 490 3318 est
502 3306 514 3324 ,
535 3282 614 3332 quin
623 3293 727 3320 morte
736 3283 823 3323 illius
832 3283 876 3323 le-

838 3375 859 3387 „-

1645 186 1714 234 665

924 251 1033 288 gatum
1060 241 1278 288 extinguitur,
1297 254 1445 292 tanquam
1471 246 1556 285 caula
1575 248 1715 285 ceffime.

926 295 1038 338 Neque
1061 290 1264 327 audiendaest
1288 293 1401 339 vx0r‚fi
1412 309 1464 344 per
1475 311 1541 335 eam
1563 292 1629 336 nori
1654 299 1714 334 ste-

927 339 991 376 tiffe
1009 341 1091 376 dicat
1105 367 1115 384 ,
1130 354 1202 376 cum
1211 341 1281 390 ipso
1291 345 1357 379 iure
1368 345 1504 396 legatum
1536 349 1660 389 deficiat
1671 362 1713 385 ex

927 390 1111 440 praesumpta
1134 403 1239 427 mente
1264 393 1427 435 testatoris.
1451 402 1543 434 Socin.
1567 400 1711 449 Neposd.

924 440 1021 486 consil.
1040 454 1114 478 izo.
1127 453 1238 494 ricimer.
1250 454 1283 486 9.
1295 446 1347 481 leb.
1366 459 1393 481 ι.
1416 450 1470 484 Sin
1490 462 1594 487 autem
1614 456 1711 492 aratia

925 502 1032 526 vxuris
1046 491 1182 539 appolita
1195 492 1232 528 sit
1244 519 1255 538 ‚
1270 507 1335 530 non
1356 498 1556 546 extinguetur
1567 484 1710 547 ,molam-t

922 541 1041 576 libertis.
1058 541 1397 594 Anchar.d.confil.237‚
1411 551 1515 585 Cujus
1526 564 1630 588 autem
1642 567 1713 592 ‹rm-

923 590 965 625 tia
974 592 1093 626 adiecta
1103 589 1139 624 lit
1152 615 1164 635 ,
1174 593 1312 639 prudens
1325 599 1358 629 δι
1381 599 1529 635 discretus
1552 583 1662 640 iudei?
1671 618 1711 641 ex

924 640 1016 687 varijs
1038 651 1143 676 rerum
1163 652 1258 689 atque
1291 643 1448 684 causarum
1470 651 1710 702 circumstantijs

922 687 1010 725 facile
1041 692 1241 728 diiudicabit.
1279 695 1426 734 Testator
1461 697 1592 737 fortassis
1615 707 1710 742 nouit

924 753 1062 776 naturam
1085 753 1191 777 vxoris
1211 741 1269 795 suae
1296 769 1308 789 ,
1329 757 1399 793 quae
1412 746 1461 784 vel
1481 747 1544 786 fine
1568 751 1712 792 scandalo

922 796 1004 838 apud
1017 791 1094 828 alios
1109 815 1122 834 ‚
1147 793 1197 828 vel
1217 793 1278 828 [ola
1296 797 1465 834 commode
1488 799 1624 839 habitare
1644 819 1711 845 non

922 840 1017 888 fosset
1030 857 1040 877 .·
1053 844 1133 878 Fieri
1143 844 1237 879 etiam
1260 846 1360 892 potest
1374 873 1385 890 ,
1394 849 1484 897 quod
1500 850 1664 891 seniculam
1676 861 1711 893 δε

921 891 1111 939 decrepitam
1135 894 1216 941 apud
1228 893 1343 933 liberos
1352 898 1513 935 confoueri
1540 903 1710 943 malit.1n-

924 943 1046 995 terdum
1067 955 1195 993 quoque
1217 944 1392 986 considerat
1411 950 1512 999 proles
1532 950 1587 987 effe
1608 953 1712 992 infan-

922 1003 988 1038 tes,
998 997 1104 1030 tauore
1128 1005 1260 1041 quarum
1289 996 1365 1035 hanc
1381 1001 1592 1040 necessitatem
1607 1010 1638 1039 &
1649 1005 1711 1042 hoc

922 1043 1201 1080 vinculummiicit
1224 1049 1384 1092 matri,ut
1394 1051 1478 1098 apud
1503 1063 1552 1087 eas
1572 1052 1712 1094 habitare

921 1105 1050 1141 cogatur
1061 1093 1083 1129 si
1099 1093 1157 1129 isto
1180 1093 1403 1134 alimentorum
1423 1100 1529 1148 legato
1541 1105 1588 1138 vti
1611 1102 1711 1155 fruiq-

921 1147 998 1179 velit
1011 1170 1020 1186 ‚
1035 1143 1263 1190 vtpulchrievhaec
1280 1151 1376 1184 onmia
1387 1153 1461 1196 apud
1480 1152 1508 1185 d.
1520 1155 1640 1191 Decium
1651 1138 1714 1210 {fni

920 1195 1004 1249 alleg.
1015 1193 1092 1238 cons.
1097 1207 1135 1243 52
1141 1199 1174 1230 6.
1186 1205 1336 1240 numer.7.
1351 1202 1387 1238 ά·
1398 1203 1463 1244 atqs
1474 1200 1545 1248 cons.
1553 1202 1679 1250 superius
1688 1203 1710 1240 ἂ

921 1255 965 1295 nie
974 1246 1115 1285 mitaris,
1127 1247 1218 1278 videm
1227 1246 1302 1283 licet.
1318 1253 1406 1284 Cum
1420 1252 1505 1285 enim
1525 1251 1612 1289 ceffet
1624 1256 1713 1293 causa

921 1292 1021 1327 finalis
1037 1317 1048 1334 ‚
1070 1305 1195 1341 propter
1224 1307 1319 1342 quam
1337 1297 1481 1334 alimenta
1493 1298 1563 1336 sunt
1583 1304 1687 1342 relffia
1699 1331 1710 1340 .

921 1342 1048 1378 cessante
1065 1349 1154 1378 caula
1165 1344 1258 1391 legati
1271 1371 1281 1390 ,
1292 1346 1395 1385 ceffire
1414 1349 1510 1385 debet
1528 1349 1652 1391 effestus
1663 1358 1709 1399 ,1.

923 1395 971 1436 qui
982 1394 1111 1429 tutelam.
1121 1392 1156 1438 ff.
1174 1398 1205 1428 de
1214 1395 1323 1441 testam.
1338 1408 1394 1433 tut.
1408 1402 1430 1436 l.
1446 1401 1530 1434 etiam
1533 1400 1559 1446 fi
1569 1404 1711 1452 partisff.

921 1445 952 1476 ae
961 1445 1017 1488 leg.
1026 1455 1052 1478 1.
1062 1445 1198 1487 Tiraq.in
1213 1446 1262 1481 lib.
1275 1448 1394 1492 cessaente
1404 1448 1486 1495 causa
1497 1475 1506 1493 ,
1512 1458 1608 1494 parm
1616 1465 1711 1490 mum.

925 1503 937 1526 1
947 1503 1000 1529 21.
1011 1495 1043 1527 in
1057 1493 1134 1529 verb.
1145 1496 1233 1538 legati
1261 1498 1344 1542 caula
1357 1498 1483 1543 ceffante.
1499 1504 1581 1539 Quae
1602 1506 1710 1538 omnia

921 1541 1062 1577 dilucide
1072 1554 1200 1590 quoque
1211 1547 1243 1578 &
1267 1546 1421 1594 eleganter
1445 1548 1548 1586 voluit
1561 1552 1711 1588 Castum

920 1593 1009 1629 culn.
1023 1599 1059 1627 C.
1073 1594 1206 1638 detegat.
1223 1596 1294 1632 Aut
1309 1598 1393 1632 enim
1405 1603 1420 1641 (
1434 1598 1561 1649 inquit)
1584 1602 1711 1639 testator
1744 1639 1748 1645 ,

920 1642 1012 1680 habet
1035 1642 1203 1690 respectum
1227 1667 1239 1686 ‚
1260 1646 1350 1693 quod
1372 1646 1533 1694 legatarius
1556 1650 1605 1687 vel
1625 1653 1713 1701 lega-

925 1697 1001 1728 taria
1024 1692 1144 1728 habitet
1158 1705 1228 1727 cum
1251 1695 1393 1738 haerede,
1418 1709 1453 1733 vt
1470 1705 1598 1747 negotia
1617 1703 1711 1751 ipiius

921 1754 1032 1791 gerat,
1052 1747 1083 1776 δι
1107 1740 1146 1777 fic
1171 1744 1381 1794 principaliter
1399 1746 1601 1787 conliderauit
1622 1753 1711 1789 vtili-

921 1805 1018 1829 tatem
1038 1792 1168 1827 haeredis
1189 1819 1200 1836 ‚
1221 1792 1404 1832 secundari&
1435 1796 1603 1837 vtilitatem
1624 1801 1708 1852 lega-

921 1842 990 1890 tarij
1006 1868 1016 1884 ‚
1049 1844 1123 1890 quia
1146 1845 1179 1878 in
1198 1845 1513 1894 recompensationem
1527 1850 1640 1889 laboris
1657 1866 1706 1889 re·

921 1891 1014 1941 liquit
1027 1889 1082 1927 fibi
1102 1892 1312 1930 alimentaz&
1325 1909 1400 1932 tunc
1420 1909 1549 1936 mortuo
1571 1900 1706 1946 haerede,

920 1941 1030 1979 finitur
1039 1942 1186 1990 legatum,
1199 1946 1270 1992 quia
1281 1945 1392 1983 finitur
1400 1946 1489 1983 labor
1499 1974 1508 1988 ,
1518 1960 1549 1986 vt
1563 1952 1590 1986 d.
1604 1956 1700 1990 lSeio.

920 1994 980 2029 Sed
989 1991 1011 2027 si
1023 1993 1084 2028 hoc
1109 2006 1250 2041 apparet,
1272 1996 1467 2045 praesumitur
1488 1997 1620 2039 habuiffe
1641 2002 1705 2040 res-

919 2045 1044 2090 pec‘tum
1065 2043 1278 2092 principaliter
1288 2048 1326 2082 ad
1346 2047 1525 2096 legatarium
1547 2052 1596 2087 vel
1618 2052 1703 2102 lega-

919 2095 1071 2136 tariam‚&
1082 2091 1260 2130 secundario
1271 2097 1309 2133 ad
1321 2097 1577 2148 haeredem,quod
1584 2101 1704 2140 facilius

918 2145 975 2179 erit
1001 2142 1115 2178 haeredi
1138 2144 1273 2193 praestare
1292 2147 1438 2184 alimenta
1458 2149 1490 2184 in
1508 2151 1609 2188 domo
1627 2151 1702 2200 sua,

918 2194 1015 2241 quam
1027 2204 1111 2229 extra
1122 2196 1370 2247 domum:eoc‘1ue
1381 2196 1563 2241 casu,morte
1573 2201 1702 2240 haeredis

918 2244 1052 2291 legatum
1066 2257 1128 2279 non
1139 2244 1267 2288 finitur,
1280 2246 1351 2285 licet
1363 2247 1495 2286 finiatur
1511 2264 1593 2289 onus
1611 2253 1703 2291 habi-

919 2294 1005 2330 tandi
1022 2306 1062 2328 ex
1075 2306 1158 2341 parte
1172 2299 1295 2332 vxoris.

964 2345 1106 2386 Quando
1118 2344 1192 2380 vero
1207 2359 1301 2382 mater
1310 2345 1391 2392 apud
1408 2346 1521 2384 liberos
1533 2374 1544 2392 ‚
1555 2354 1588 2385 &
1604 2351 1699 2389 vidua
1747 2376 1757 2384 τ

917 2394 1001 2441 apud
1022 2392 1156 2431 haeredes
1176 2397 1280 2433 mariti
1300 2394 1345 2431 sui
1365 2395 1700 2453 habitare,alimentaq;
1720 2389 1752 2426 ς’

918 2445 1072 2492 percipere
1094 2445 1208 2492 debet,
1225 2446 1400 2483 dubitatem
1423 2447 1508 2486 fuiffe
1531 2452 1648 2496 video,
1661 2468 1700 2490 v—

918 2493 1121 2542 trumijsdem
1131 2497 1191 2534 suis
1213 2496 1316 2536 liberis
1337 2523 1347 2540 ,
1369 2501 1513 2536 maritive
1532 2501 1700 2539 haeridibus

916 2546 1039 2592 operari
1062 2558 1115 2582 aut
1138 2545 1322 2594 obsequium
1343 2546 1472 2598 aliquod
1492 2550 1700 2588 domesticum

917 2594 1052 2641 pr'aestare
1061 2607 1201 2634 teneatur
1213 2598 1225 2632 ζ
1239 2601 1398 2633 Caeterum
1410 2602 1571 2636 communi
1580 2601 1700 2638 calculo

918 2644 996 2679 hanc
1015 2643 1199 2682 sententiam
1221 2646 1382 2694 probatam
1393 2648 1448 2685 else
1469 2651 1566 2686 video
1578 2676 1588 2695 ,
1607 2651 1699 2700 quod

917 2692 989 2729 licet
1009 2694 1136 2741 quando
1156 2708 1196 2731 ex
1218 2694 1417 2744 dispositione
1448 2699 1524 2747 legis
1544 2700 1699 2738 debentur

918 2742 1064 2778 alimenta
1073 2745 1164 2779 vxori
1179 2770 1191 2789 ‚
1200 2743 1275 2781 ficut
1298 2744 1336 2782 fit
1347 2771 1358 2792 ,
1366 2745 1443 2783 dum
1451 2748 1550 2785 adhuc
1568 2763 1646 2787 vxor
1655 2750 1699 2787 est

919 2794 953 2828 in
965 2793 1170 2829 matrimonio
1188 2807 1258 2830 cum
1269 2795 1323 2831 suo
1334 2797 1447 2832 marito
1458 2823 1470 2843 ‚
1481 2798 1530 2836 vel
1537 2800 1639 2837 existit
1650 2803 1701 2837 in-

919 2853 964 2878 tra
977 2855 1092 2877 annum
1113 2841 1213 2880 lucius
1226 2868 1237 2888 ‚
1249 2856 1314 2893 quo
1323 2845 1363 2881 ab
1384 2845 1555 2885 haeredibus
1571 2850 1612 2886 de
1634 2851 1699 2887 iure

918 2894 1082 2927 communi
1093 2891 1132 2927 ali
1142 2893 1234 2930 debet
1246 2909 1256 2929 .-
1267 2907 1391 2932 tenetur
1407 2900 1524 2946 operari
1537 2899 1604 2935 viro
1615 2898 1669 2937 suo
1683 2924 1697 2943 ,

919 2945 951 2976 &
963 2940 1136 2977 haeredibus
1147 2942 1238 2992 ipsius
1250 2945 1336 2980 ciuili
1348 2945 1447 2982 modo
1458 2973 1471 2992 ,
1484 2952 1513 2983 &
1527 2948 1698 2986 secundum

919 2989 1002 3027 suam
1027 2992 1205 3039 qualitatem
1230 3019 1241 3038 ,
1263 2994 1449 3041 dignitatem
1469 3003 1502 3033 &
1534 3011 1672 3035 naturam
1688 3013 1700 3035 :

922 3052 1028 3078 tamen
1048 3039 1070 3076 fi
1093 3041 1239 3079 alimenta
1263 3043 1414 3082 debentur
1431 3060 1471 3082 ex
1500 3048 1701 3098 dispositione

921 3090 1060 3127 hominis
1071 3116 1082 3135 ,
1092 3092 1141 3128 vel
1155 3106 1192 3129 ex
1204 3092 1386 3132 testamento
1401 3098 1502 3134 mariti
1517 3125 1528 3145 ,
1547 3111 1623 3136 tunc
1633 3113 1700 3137 non

925 3153 1047 3177 tenetur
1056 3144 1186 3189 operari,
1205 3143 1514 3192 haeredibus‚1asan,
1534 3153 1631 3198 angel.
1647 3155 1701 3188 al-

919 3191 997 3226 beri.
1018 3193 1105 3228 salic.
1129 3192 1197 3230 adt.
1233 3207 1262 3230 1.
1285 3200 1322 3230 C.
1347 3197 1380 3230 de
1399 3198 1455 3242 leg.
1486 3204 1593 3235 Bartol.
1611 3201 1649 3235 ad
1667 3204 1698 3237 d.

922 3242 945 3274 1.
974 3243 1057 3275 Caio.
1083 3243 1115 3287 ᾗ.
1143 3252 1172 3275 1.
1192 3243 1273 3278 nala.
1292 3244 1331 3278 ad
1347 3246 1369 3279 1.
1386 3244 1638 3296 fidenaturus.§,
1666 3263 1698 3286 i·

920 3287 1003 3338 ffide
1034 3292 1138 3327 condic.
1161 3292 1194 3327 ob
1223 3303 1296 3376 “uit
1310 3293 1419 3377 ¹t‘zorset.
1432 3293 1513 3347 fing.
1534 3299 1620 3345 incip.
1649 3298 1699 3336 vbi

1228 3341 1272 3390 K}
1348 3355 1363 3390 3
1571 3351 1709 3386 alinum
