2052 3562
136 189 219 230 AD
250 166 394 227 R'EG.
427 183 665 226 LXXXI.
700 186 775 219 [Ν
801 182 1127 219 σΕΝΕΚΑι]
1154 176 1657 233 coNc.ESSJONE,&c.
1693 196 1764 229 317

93 254 322 291 fustinianum.
337 255 432 288 vnica.
445 252 473 297 ξ.
483 250 638 297 fimautem
649 251 686 284 ad
696 250 846 296 deficientis
864 261 899 288 C.

86 303 120 338 de
137 305 197 340 cad.
212 299 297 339 tol.'si
309 303 501 337 contrarium
516 299 645 335 volebat
658 299 793 342 testator,
817 299 901 337 nulla

84 365 149 388 erat
160 350 330 392 difficultas·
345 349 487 386 scribere.
515 348 611 388 Quali
624 348 709 385 dicat
720 374 730 390 ,
751 349 850 397 quod,
865 362 900 384 vt

83 401 127 438 cst
155 401 239 449 apud
265 398 448 436 Labeonem
463 424 473 443 ‚
497 399 589 435 verba
618 398 658 433 ad
686 400 749 432 lioc
773 401 899 434 inuenta

81 448 151 487 sunt
163 476 174 495 ‚
199 463 233 486 vt
249 461 389 486 mentem
404 448 538 484 nostram
555 449 730 494 exprimant
745 473 755 490 ‚
786 453 817 483 &
833 461 897 483 non

80 495 276 536 existiinatnr
296 497 428 548 quisque
453 497 557 533 dicere
568 524 577 538 ,
603 497 693 545 quod
722 510 786 532 non
814 499 897 543 prius

78 563 190 586 mente·
200 551 407 597 excogitauit.
421 549 524 582 Habeo
532 546 567 593 ff.
583 548 616 581 de
624 547 721 593 supesl.
734 549 824 593 legat.
852 550 896 582 Et

25 619 28 622 -
77 598 154 634 ideo
166 604 237 635 'non
255 596 515 635 cst'credendum
532 597 710 637 testatorem
726 598 897 644 quicquam

102 635 232 692 demisi
247 647 282 683 id
294 646 385 697 quod
396 645 671 695 expreffit.Socy›ms
682 645 754 686 cons
767 649 892 691 4‚lib.4.

78 662 162 746 Esou
177 698 252 744 cons.
275 710 350 744 140..
361 697 410 731 lib.
428 709 458 730 2.
473 700 503 730 ὅ(
520 708 591 730 cum
606 697 689 730 aetus
700 697 839 730 exterior
848 708 895 728 re-

77 749 220 796 quiratur
256 746 296 782 ad
322 743 543 782 declarandum
578 745 758 780 interiorem
794 745 892 779 animi

77 808 207 832 motum
221 820 233 839 ,
258 797 300 832 ita
311 808 346 832 vt
359 794 424 830 no'n
436 792 568 829 sufficiat
581 792 637 829 esse
649 795 682 827 in
700 794 890 834 intentione,

77 844 133 881 hisi
147 843 183 880 sit
199 846 232 880 in
242 843 460 893 dispositione,
473 844 614 888 Aquidam
629 855 691 879 cum
697 842 798 889 solum.
808 842 843 887 ff.
859 844 893 877 de

77 895 177 929 bared.
190 893 308 940 instinc.
327 910 354 933 1·
364 894 397 927 de
409 904 449 932 eo,
465 894 658 936 quitantiam
666 890 761 937 posses.
777 891 894 927 finibus

77 945 248 979 verborum
259 972 268 984 ,
291 942 392 979 veluti
405 940 446 975 ad
459 940 761 977 demonstrationem
773 940 890 977 volun-

77 992 344 1034 tatisgiestinatis,
365 990 517 1027 debemus
529 989 585 1026 css:
607 992 759 1027 contenti.
786 992 888 1025 Baletus

77 1040 515 1091 edas-182.lib.i.Q9modo
525 1044 556 1073 δέ
571 1041 700 1078 Cicero,
710 1042 760 1075 lib.
769 1054 781 1073 ι
790 1041 832 1075 ,de
842 1047 892 1073 in-

82 1100 162 1126 nent.
182 1091 346 1137 Scriptori‚
362 1091 476 1139 inquit,
486 1101 586 1136 neque
599 1090 774 1138 ingenium,
791 1102 892 1136 neque

82 1153 176 1188 opera
194 1166 205 1184 ‚
228 1152 327 1187 neque
348 1138 476 1175 facultas
498 1137 559 1175 vui
573 1138 698 1182 defuit,
720 1140 893 1187 quominus

83 1187 179 1237 posset
191 1186 446 1236 apen-te'scribere
462 1186 496 1222 id
508 1215 517 1229 ,
528 1185 626 1236 quod
637 1189 789 1236 cogitaret
802 1213 812 1231 ‚
837 1200 893 1222 nec

82 1237 186 1274 fuisset
201 1240 229 1273 ei
252 1241 344 1286 graue
360 1252 424 1273 nec·
438 1237 570 1273 difficile
582 1263 592 1279 ,
619 1249 733 1273 certam
755 1237 890 1284 aliquam

83 1286 204 1322 causam
233 1289 374 1336 excipere
394 1312 405 1330 ,
431 1286 454 1322 fi
473 1288 641 1335 quicquam
672 1285 895 1334 excipiendum

83 1335 221 1386 putasset.
248 1335 364 1372 Tertio
376 1349 416 1371 ex
430 1349 470 1370 eo
480 1362 490 1379 ‚
513 1335 603 1384 quod
616 1348 736 1372 tantum
749 1347 896 1382 operatur

83 1385 312 1434 &praeiudicat
329 1384 478 1432 generalis
499 1391 530 1420 &
550 1383 641 1420 effusa
656 1384 777 1420 locutio
795 1397 894 1430 quan-

0 1435 2 1441 ’
34 1449 36 1452 ’
81 1448 154 1471 tum
167 1432 302 1482 specialis
324 1434 520 1476 enumeratio
545 1435 690 1470 omnium
715 1432 891 1480 specierum,

33 1504 36 1508 ·
82 1483 142 1521 sub
153 1497 194 1518 eo
205 1497 316 1531 genere
326 1481 613 1529 comprehensarum
628 1499 635 1518 :
650 1475 702 1530 lsfi
711 1485 817 1519 chorm.
824 1481 855 1527 ff
863 1485 896 1516 de

84 1546 116 1568 w
129 1532 264 1580 leg.3.l.fi
275 1535 328 1567 duo
337 1531 409 1578 ffide
420 1534 677 1568 adm.tut.l.om.c.
691 1535 725 1566 de
732 1532 824 1579 praesc.
841 1544 893 1577 30.

82 1585 128 1618 vel
138 1595 195 1629 40.
204 1584 399 1617 ann.l.omnes
412 1583 482 1616 C.de
490 1583 600 1626 quadri.
603 1592 657 1627 prae
656 1582 816 1629 scrip.qui1
831 1581 898 1629 spe-

84 1631 173 1668 cialia
186 1631 380 1679 generalibus
391 1628 507 1670 insunt,
523 1633 543 1664 l.
551 1629 662 1677 semper
668 1631 847 1679 generalibus
857 1627 891 1677 ff.

87 1683 149 1716 eod,
164 1683 258 1716 etiam
269 1681 301 1716 in
315 1680 410 1716 rebus
423 1677 540 1715 odiosis
552 1705 564 1723 ‚
588 1687 664 1726 Ang.
675 1681 712 1714 ad
722 1678 744 1715 l.
754 1682 806 1714 vlt.
817 1678 849 1726 ff.
861 1681 895 1713 de

62 1734 70 1737 ⁷
85 1727 194 1776 constit.
203 1733 307 1776 princi.
333 1735 365 1764 «Sc
388 1731 510 1777 ratione
533 1729 740 1775 generalitatis
753 1728 893 1769 coflante,

53 1808 57 1812 .
85 1786 158 1822 cor.
171 1778 246 1825 cons.
261 1792 337 1826 239.
355 1790 496 1826 num.25.
509 1779 560 1814 lib.
577 1790 602 1812 1.
617 1783 649 1812 δι
660 1780 737 1826 quin
747 1777 898 1824 generali-

87 1839 135 1864 ter
147 1825 290 1876 loquitur
305 1853 314 1869 ‚
343 1829 451 1864 omnis
476 1828 520 1863 rei
541 1839 610 1875 quae
626 1825 683 1863 sub
702 1840 813 1875 genere
840 1826 898 1862 illo

86 1877 279 1916 continetur,
290 1876 460 1912 meminisse
476 1875 614 1912 censetur
627 1901 637 1917 ,
665 1883 744 1910 Aret.
758 1876 833 1922 cons.
848 1889 897 1923 33.

87 1934 207 1975 Socynus
217 1925 289 1974 cons.
311 1929 427 1971 142.th
441 1925 493 1968 fin.
509 1923 615 1960 saltem
629 1926 662 1960 in
678 1939 799 1973 genere,
811 1925 899 1974 quod

89 1974 249 2017 sufficit-Ns.
260 1979 307 2021 qui
320 1979 388 2012 iure.
397 1974 434 2021 ff.
451 1975 484 2009 de
493 1973 601 2020 testam.
623 1977 710 2009 milit.
733 1978 800 2010 Vix
813 1977 898 2010 enim

89 2021 253 2072 quisquam
263 2024 316 2066 cst,
331 2026 386 2072 qui
400 2036 466 2060 non
477 2026 615 2071 cogitare
624 2023 728 2069 potest
742 2047 764 2066 ‚‚
782 2023 901 2071 aliquid

91 2074 219 2108 euenire
238 2073 319 2120 posse
339 2074 370 2108 in
383 2073 557 2120 posterum,
581 2074 668 2109 cuius
680 2085 761 2108 nunc
776 2074 806 2108 in
823 2085 902 2120 prm-

91 2120 260 2159 sentiarum
276 2135 342 2158 non
353 2121 397 2157 est
410 2133 534 2157 memor
545 2150 556 2166 ,
580 2120 630 2157 vel
651 2134 722 2170 quae
746 2120 808 2158 hoc
821 2134 901 2158 tern-

92 2184 171 2221 pore
184 2173 218 2208 in
237 2183 376 2207 mentem
395 2173 460 2207 eius
481 2184 547 2206 non
568 2170 694 2208 cadunt.
721 2171 848 2219 Qrto
861 2184 901 2205 cx

93 2233 137 2257 eo
148 2247 158 2262 ‚
182 2219 270 2269 quod
285 2219 362 2256 sicut
377 2219 444 2266 plus
466 2230 612 2267 operatur
624 2219 793 2268 expressum
807 2233 900 2269 quim

94 2271 268 2313 tacitum,l.
280 2269 404 2316 expreffa
414 2271 476 2305 eod.
491 2271 533 2305 ita
551 2269 666 2305 fortius
684 2268 779 2304 debet
793 2282 902 2316 opera-

95 2321 121 2356 ri
132 2318 282 2368 generalis
302 2318 426 2355 locutio
438 2317 589 2367 expressa,
611 2331 707 2366 quam
721 2319 813 2354 tacita
833 2323 900 2354 ani-

97 2370 144 2404 mi
155 2369 309 2417 cogitatio
323 2367 364 2403 de
377 2379 438 2413 qua
449 2381 515 2404 non
525 2379 658 2416 apparet.
861 2396 863 2399 .

54 2418 58 2420 ’
147 2416 274 2466 Qut&
285 2430 324 2452 ex
335 2430 386 2458 eo,
395 2417 484 2465 quod
500 2430 565 2453 non
574 2415 616 2451 est
628 2415 802 2454 verisimile.
828 2429 902 2452 eum

121 2467 154 2502 ui
168 2465 314 2515 transegit
329 2468 362 2501 in
375 2463 472 2512 specie
485 2465 527 2502 de
544 2465 590 2501 his
603 2478 672 2513 quae
685 2467 808 2512 ignorat
819 2478 903 2501 tran-

97 2478 195 2563 sigere
204 2513 333 2552 voluisse
343 2514 392 2552 vel
402 2513 592 2561 transegisse,
611 2517 632 2550 l.
655 2527 718 2550 cum
737 2517 896 2560 Aquiliana.

99 2564 136 2610 ff.
148 2567 181 2599 de
189 2563 388 2611 transaffione.
405 2569 436 2600 δι
447 2576 551 2599 tamen
561 2562 617 2599 sub
626 2575 778 2612 praetextu
790 2562 810 2598 s
803 2565 905 2612 pecie-

103 2626 174 2649 rum
187 2613 256 2660 post
269 2624 470 2661 repertarum,
482 2612 533 2650 vel
548 2625 705 2649 nouorum
720 2612 905 2649 instrumen-

103 2673 211 2698 torum
223 2687 231 2698 ‚
258 2661 298 2696 de
313 2661 427 2710 quibus
445 2674 516 2698 ante
526 2661 689 2711 apparebat
702 2688 713 2707 ,
743 2660 907 2697 transactio

103 2710 286 2757 generaliter
309 2709 449 2748 conclusa
469 2717 502 2748 &
522 2712 664 2758 peraeta,
686 2709 816 2747 rescindi
841 2725 906 2747 non

103 2759 307 2808 potest‚l.sub
318 2769 456 2805 praetextu
472 2775 500 2801 ι.
510 2763 547 2800 ά·
560 2774 590 2796 2.
603 2770 640 2797 c.
650 2761 684 2794 de
693 2759 840 2808 transferi
850 2758 906 2796 sibi

103 2810 257 2858 imputare
276 2808 391 2853 debet,
411 2811 466 2857 qui
484 2823 572 2845 reum
589 2807 771 2858 generaliter
791 2808 907 2845 libera-

105 2860 155 2894 uit
167 2885 176 2900 ‚
203 2863 234 2893 δε
250 2857 290 2893 de
308 2856 490 2893 huiusmodi
510 2857 610 2908 specie
633 2858 683 2895 vel
697 2858 908 2894 instrumentis

105 2909 210 2944 astum
225 2920 290 2942 non
301 2906 357 2943 esse
370 2932 381 2949 ‚
405 2906 533 2956 allegare
554 2922 619 2944 non
633 2907 753 2956 potest:
765 2908 837 2956 quia
851 2920 910 2955 po-

108 2958 172 2993 tuit
190 2970 228 2992 co
253 2958 327 2992 itare
347 2957 465 3002 aliquas
478 2955 590 3005 species
600 2956 650 2993 vel
664 2969 710 2993 res
721 2954 804 2994 'forte
816 2968 908 3003 penes

107 3008 182 3053 eum
196 3019 213 3041 e
234 3019 261 3047 e,
280 3015 354 3053 quas
369 3005 431 3053 ipse
444 3018 508 3040 non
518 3005 667 3053 agnoscit.
696 3005 822 3041 Eodem
837 3017 910 3041 mo-

107 3055 155 3092 do
183 3054 252 3101 post
270 3053 440 3091 concessam
459 3056 556 3091 ac'tori
574 3054 759 3104 generaliter
777 3053 909 3090 dilatio-

107 3116 180 3140 nem
190 3102 438 3149 adprobandum
458 3118 466 3136 =
491 3103 579 3152 super
590 3105 698 3151 petitis
708 3101 806 3140 secuta
815 3116 908 3148 gene-

78 3152 84 3162 ‘
109 3151 214 3188 taliter
225 3151 385 3194 sententia,
404 3152 536 3200 amplius
547 3164 612 3188 non
620 3152 782 3199 audietur,
802 3157 821 3188 Ι.
832 3155 908 3187 Titia

104 3199 176 3246 ff-de
184 3201 362 3248 accusat.l.·fi
371 3205 406 3241 (γ’
417 3205 505 3248 oqui
515 3201 608 3249 accus.
614 3202 682 3249 poff.
690 3205 762 3249 quia
774 3201 826 3238 tali
840 3198 909 3236 casu

110 3246 259 3286 sententia
275 3250 315 3287 ad
337 3264 386 3287 eas
404 3263 532 3300 quoque
552 3249 664 3300 species
685 3250 787 3289 referri
803 3249 911 3300 pollet,

950 265 1024 303 quas
1039 251 1184 300 prostqui
1202 254 1289 288 ac'tor
1302 251 1490 300 neglexisset,
1508 256 1530 293 l,
1539 254 1761 298 properandum.

949 306 980 351 ξ.
995 302 1043 348 etfi
1060 304 1183 347 quidem.
1196 306 1232 341 (φ
1245 304 1284 338 ibi
1294 305 1395 338 Alciat.
1408 311 1442 338 C.
1460 305 1493 338 de
1503 304 1620 347 iudiciis.

954 363 957 367 ·
1001 353 1017 390 †
1036 353 1139 386 Ratio
1158 350 1234 388 vero
1251 351 1420 387 decidendi
1435 351 1479 387 est
1492 378 1501 393 ‚
1527 350 1616 400 quod
1633 351 1718 385 actus
1730 363 1759 385 a-

949 402 1095 446 gentium
1124 415 1189 436 non
1219 400 1315 437 debet
1337 401 1443 449 egredi
1468 414 1578 439 eorum
1606 401 1761 436 intentio-

1783 363 1816 386 11

947 463 1033 492 nem,
1043 452 1124 484 Luem
1137 454 1233 484 amm.
1233 449 1268 495 ff
1269 450 1296 495 fi
1304 461 1373 488 cert,
1385 461 1443 496 pet.
1459 449 1635 499 iustumtfiue
1646 449 1690 485 est
1700 462 1762 485 vo-
1788 479 1794 487 ,

947 497 1085 534 lunt-ates
1099 498 1352 535 contrahentium
1366 505 1396 534 &
1412 499 1648 547 disponentium
1659 525 1669 542 ‚
1691 512 1760 534 ma-

946 548 993 594 gis
1018 561 1121 595 quam?
1135 547 1307 583 verborum
1328 551 1571 596 conceptionem
1599 547 1759 596 inspicere,

944 600 999 632 l.in
1008 598 1243 632 commixtionibus,
1245 595 1317 642 ffide
1326 598 1502 644 verbfignif.
1514 602 1628 634 minc.
1642 611 1699 642 quae
1711 611 1757 632 res

939 650 1023 691 pign.
1038 647 1103 683 obli.
1115 647 1235 691 possunt.
1258 647 1353 681 etiam
1366 644 1385 680 si
1399 648 1617 691 toniec‘turatae
1635 659 1760 683 tantum

944 693 1018 737 sint,
1033 700 1064 729 &
1087 694 1248 730 verisimili
1260 697 1412 743 opinione
1432 695 1640 732 consistentes.
1657 700 1677 733 l.
1694 709 1758 732 cum

943 745 1104 789 acutisstmi.
1124 752 1160 780 C.
1171 746 1203 779 cle
1209 744 1414 791 fideicommiff.
1436 746 1758 793 quandoquidem‚vt

942 796 987 829 ait
1005 794 1124 829 cicero
1134 819 1143 834 ‚
1169 795 1198 828 in
1209 803 1284 830 orat.
1302 804 1355 839 pro
1368 797 1507 830 Corinna.
1533 795 1624 830 verba
1638 808 1757 843 reperta

941 840 1025 883 sunt,
1045 856 1112 877 non
1121 854 1192 889 quae
1211 841 1415 890 impedirent,
1427 842 1479 879 sed
1494 856 1563 892 quae
1581 845 1756 881 indicarent

921 911 926 914 ·
942 891 1160 928 voluntatem.
1187 891 1285 930 Adde
1304 893 1394 941 quod
1413 893 1596 941 generalitas
1615 893 1756 941 plerum-

942 953 1004 988 que
1014 942 1183 989 apponitur
1192 955 1265 977 cum
1282 954 1373 988 parua
1397 944 1584 990 cognitione
1596 969 1607 987 ,
1630 942 1756 989 saepissi-

943 1004 993 1025 me
1014 990 1147 1038 quzdem
1160 1003 1200 1025 ex
1214 991 1349 1039 quadam
1372 991 1599 1028 consuetudine
1613 995 1755 1029 notario-

941 1054 1024 1081 rum,
1045 1041 1144 1087 magis
1160 1052 1255 1088 quam
1268 1040 1359 1090 quod
1371 1043 1414 1076 ita
1423 1054 1526 1089 partes
1537 1039 1728 1078 conueniant
1743 1057 1756 1084 ·‚

944 1090 1117 1136 Ang.cons.z
1129 1092 1274 1136 53.Card.
1291 1089 1365 1137 cons.
1381 1103 1452 1128 110.
1467 1096 1498 1127 δι
1511 1102 1546 1128 vt
1557 1093 1597 1126 ait
1610 1090 1751 1127 Alberic.

941 1142 961 1174 l.
975 1143 1020 1173 ita
1024 1139 1104 1185 fidei.
1109 1137 1146 1184 ff
1156 1141 1189 1173 de
1199 1143 1259 1174 iure
1265 1138 1337 1186 fisci.
1360 1140 1541 1188 generalitas
1551 1143 1629 1188 parit
1641 1139 1755 1176 obscu-

943 1189 1091 1232 ritatem,
1112 1187 1273 1237 multique
1298 1189 1405 1224 venire
1427 1191 1544 1237 poslent
1566 1193 1598 1225 in
1609 1186 1753 1238 ''genem-

944 1236 1006 1270 lem
1024 1239 1292 1272 renunciationem
1304 1263 1314 1278 ,
1339 1238 1454 1284 quibus
1470 1238 1707 1285 contrahentes,
1731 1239 1755 1275 fi

946 1285 1085 1322 instructi
1097 1291 1128 1321 δε
1142 1287 1328 1333 interrogati
1342 1286 1479 1332 fuissent,
1500 1303 1567 1325 non
1580 1288 1757 1325 renuncias-

943 1333 1022 1379 sent,
1035 1337 1063 1370 d.
1074 1337 1096 1370 l.
1106 1348 1170 1370 cum
1189 1339 1352 1380 Aquiliana.
1368 1350 1403 1373 vt
1416 1338 1532 1373 merito
1545 1336 1624 1372 olim
1635 1338 1755 1373 dixerit

946 1382 1101 1430 Ylpianus
1117 1410 1128 1428 ‚
1154 1386 1204 1421 ibi.
1230 1385 1319 1433 quod
1341 1384 1560 1422 liberalitatem
1585 1384 1754 1435 captiosam

947 1432 1107 1482 (loquitur
1119 1435 1204 1468 enim
1221 1434 1261 1468 de
1274 1433 1426 1480 generali)
1446 1436 1664 1482 interpretatio
1682 1449 1758 1484 pru7

945 1481 1078 1518 dentum
1089 1481 1182 1528 fregit
1196 1507 1207 1525 ,
1236 1495 1271 1519 vt
1281 1482 1400 1520 scilicet
1410 1484 1528 1519 etiamsi
1539 1484 1576 1520 sit
1589 1484 1756 1532 generalis-

946 1530 1036 1574 sima,
1055 1534 1148 1567 tacite
1164 1545 1267 1568 tamen
1281 1532 1320 1567 ab
1338 1532 1393 1569 hac
1413 1533 1558 1580 quaedam
1569 1533 1755 1582 intelligun-

947 1595 998 1617 tur
1008 1578 1220 1627 esse'excepta.
1249 1580 1350 1616 Pori-o
1365 1594 1469 1618 autem
1491 1583 1524 1618 id
1546 1583 1636 1632 quod
1649 1587 1754 1631 primo

945 1631 1019 1666 loco
1030 1633 1304 1675 'cont1·ouertitnr‚
1317 1632 1359 1666 ita
1373 1631 1497 1667 dissolui
1514 1631 1630 1679 potest,
1644 1633 1753 1681 quod,

944 1693 981 1716 vt
993 1693 1032 1714 ex
1045 1679 1198 1715 oldrado
1211 1680 1282 1726 conj]
1308 1695 1338 1718 11
1351 1694 1377 1726 5.
1396 1680 1528 1717 tradidit
1543 1681 1754 1729 Tiraquellus,

945 1731 981 1763 ad
990 1732 1010 1764 l.
1018 1729 1043 1775 fi
1053 1741 1188 1772 vnquam.
1201 1732 1231 1763 in
1239 1732 1387 1775 prin.nu,5
1397 1745 1430 1775 4.
1443 1729 1514 1766 licet
1529 1744 1636 1767 contra
1649 1728 1755 1780 profe-

944 1790 1064 1815 rentem
1082 1776 1137 1812 fiat
1163 1779 1379 1822 interpretatio
1389 1804 1399 1822 ‚
1423 1791 1528 1815 tamen
1551 1782 1655 1827 primo
1680 1780 1755 1815 loco

948 1825 1180 1875 inspiciendum
1191 1826 1234 1863 est
1244 1826 1387 1874 id,quod
1400 1828 1443 1862 est
1457 1828 1655 1864 verifimihus
1670 1859 1678 1872 ,
1704 1838 1755 1865 etss-

948 1875 1031 1911 iamsi
1050 1874 1086 1910 sit
1101 1889 1157 1923 pro
1168 1874 1356 1922 proferente,
1370 1879 1389 1910 l.
1402 1879 1432 1911 in
1441 1877 1536 1922 fraudi.
1543 1877 1583 1923 ff.
1592 1884 1640 1923 qui
1647 1889 1705 1924 pot.
1722 1882 1753 1914 i'n

944 1927 1098 1973 pingbJ.
1106 1924 1299 1972 inspicimmff
1309 1926 1468 1962 eod.Nulla
1482 1928 1568 1963 enim
1578 1926 1628 1964 vel
1637 1927 1693 1964 csse
1703 1927 1754 1964 vel

948 1976 1010 2010 dici
1031 1974 1131 2022 potest
1158 1973 1327 2011 obscuritas
1350 1974 1433 2010 illius
1458 1977 1682 2024 aciussquem
1701 1976 1755 2012 lex

947 2022 1007 2072 ipsa
1018 2050 1029 2067 ‚
1055 2025 1145 2060 tacita
1159 2023 1294 2071 quadam
1310 2023 1523 2072 explicatione
1540 2024 1694 2072 illustrat,
1719 2030 1754 2061 δε

949 2076 999 2108 cui
1011 2071 1070 2118 ipsa
1084 2099 1094 2114 ‚
1107 2086 1151 2118 'ex
1161 2071 1340 2120 praesumpta
1356 2086 1462 2109 mente
1471 2076 1632 2120 agentium
1646 2101 1655 2115 ‚
1680 2074 1756 2111 illu-

951 2123 1156 2157 minationem
1166 2123 1286 2168 adijcit.
1313 2122 1427 2172 quue
1441 2125 1534 2159 etiam
1547 2125 1694 2172 pertinet,
1720 2123 1756 2160 id

949 2171 1037 2219 quod
1052 2169 1187 2206 secundo
1200 2171 1275 2207 loco
1286 2169 1481 2219 disputatum
1492 2172 1546 2209 est.
1571 2176 1656 2209 Nam
1666 2172 1757 2221 quod

952 2219 1035 2257 casus
1045 2219 1171 2257 omissus
1181 2221 1312 2256 habetur
1321 2234 1379 2266 pro
1390 2221 1500 2257 omisso
1511 2248 1520 2262 ‚
1547 2223 1588 2257 ita
1599 2224 1758 2271 accipien-

949 2270 1026 2305 dum
1035 2269 1090 2305 effe
1112 2283 1231 2306 veteres
1256 2269 1455 2307 tradiderunt
1477 2276 1506 2306 in
1517 2272 1548 2307 d.
1559 2274 1759 2317 scommodi'ssi-

949 2333 992 2355 me
1008 2345 1018 2363 ,
1050 2317 1105 2353 nisi
1120 2318 1200 2354 casus
1213 2318 1338 2359 omissus
1351 2317 1421 2355 esset
1433 2320 1501 2357 talis
1515 2346 1525 2363 ,
1554 2321 1586 2355 in
1603 2333 1699 2369 quern
1710 2333 1759 2356 te-

951 2369 1047 2403 stator
1066 2368 1115 2402 vel
1129 2367 1314 2405 contrahens
1333 2368 1385 2404 vel
1406 2370 1491 2405 idern
1512 2368 1560 2405 vol
1575 2368 1664 2407 aliter
1676 2382 1757 2406 con—

949 2416 1094 2458 seruisset,
1109 2416 1128 2450 si
1140 2418 1180 2452 de
1190 2432 1230 2454 co
1244 2415 1412 2465 cogitasset.
1434 2421 1456 2456 Ι.
1469 2423 1557 2455 sitim
1569 2421 1599 2466 ᾧ.
1615 2419 1757 2466 Lucimff.

950 2469 983 2502 de
1001 2469 1050 2501 lib.
1070 2469 1106 2506 οἵ*
1118 2466 1212 2512 poflh.
1242 2469 1338 2503 Tunc
1357 2469 1442 2503 enim
1458 2481 1524 2504 non
1548 2467 1678 2505 liabetur
1700 2481 1758 2516 pro

952 2513 1088 2558 omissb,
1112 2514 1162 2550 sed
1189 2515 1354 2563 dispositio
1372 2513 1449 2553 faeti
1473 2519 1505 2551 in
1527 2529 1626 2552 vnum
1641 2514 1758 2560 casum,

953 2565 1136 2612 extenditur
1147 2564 1196 2601 vel
1218 2578 1283 2602 non
1301 2563 1531 2615 efftenditurad
1541 2565 1658 2606 alium,
1687 2563 1757 2600 ficx
1788 2602 1790 2605 ,

953 2614 1144 2649 (οηὶεὲὶιιτὶς
1161 2614 1274 2659 ‘colligi
1295 2613 1397 2660 potest
1409 2640 1420 2657 ‚
1444 2613 1533 2662 quod
1546 2614 1630 2649 idem
1646 2612 1758 2659 dispo-

954 2660 1054 2699 suisset
1068 2662 1118 2698 vcl
1131 2675 1194 2697 non
1212 2661 1402 2709 disposuisset
1416 2664 1446 2697 in
1460 2662 1523 2698 alio
1531 2662 1597 2699 casu
1608 2689 1617 2704 ,
1645 2661 1667 2697 si
1680 2661 1758 2698 fuis-

954 2711 998 2748 set
1008 2714 1229 2759 interrogatus.
1243 2714 1373 2757 latgss'ime
1384 2711 1464 2757 salim
1475 2713 1527 2749 ibi.
1551 2714 1596 2748 Et
1607 2711 1682 2748 idco
1692 2726 1758 2749 non

954 2760 1016 2797 sine
1033 2759 1117 2797 causa
1140 2759 1206 2802 hec
1229 2760 1296 2796 duo
1320 2762 1486 2808 :equiparat
1502 2761 1728 2797 iureconsultus
1747 2776 1759 2803 ;

953 2808 1103 2846 videlicet
1112 2821 1146 2844 ea
1156 2821 1224 2857 qua:
1236 2809 1341 2846 voluit
1352 2809 1497 2851 testator,
1524 2813 1557 2845 &
1570 2824 1603 2846 ea
1617 2823 1687 2858 qur
1702 2823 1759 2846 ve-

953 2856 1080 2894 risimile
1090 2857 1134 2892 est
1148 2871 1220 2892 eum
1235 2857 1374 2895 voluisse.
1386 2862 1472 2895 l.cum
1484 2871 1528 2894 res
1537 2861 1569 2894 de
1582 2862 1638 2906 leg.
1648 2862 1757 2897 1.l.mm

955 2910 1042 2943 aliter
1053 2906 1125 2952 ffide
1137 2910 1230 2954 leg-3·
1247 2908 1343 2943 Vnde
1352 2907 1440 2954 quod
1451 2909 1493 2942 ait
1504 2908 1709 2945 lulliniinus:
1722 2909 1758 2944 Si

956 2957 1148 2991 contrarium
1163 2955 1307 2993 voluisset
1320 2957 1467 2999 testator,
1491 2955 1574 2991 nulla
1592 2968 1655 2993 emt
1667 2955 1757 2992 diffi-

955 3003 1051 3041 cultas
1060 3002 1189 3039 scribere
1213 3021 1222 3040 ι

955 3053 1069 3089 scilicet
1107 3053 1235 3100 quando
1264 3056 1330 3090 eins
1367 3053 1513 3090 voluntas
1549 3054 1758 3092 verisimiliter

957 3116 1021 3139 non
1036 3113 1161 3150 apparet
1174 3128 1183 3145 ,
1209 3101 1259 3137 sed
1274 3103 1361 3149 plane
1381 3104 1413 3138 in
1429 3101 1562 3151 obscuro
1571 3101 1676 3147 latitat
1687 3131 1697 3145 ,
1722 3108 1757 3140 &

956 3149 1149 3201 propositum
1161 3152 1194 3186 in
1205 3163 1310 3189 mente
1319 3163 1476 3188 retentum
1485 3152 1529 3188 est
1538 3179 1547 3194 ‚
1571 3166 1606 3189 vt
1624 3167 1662 3190 ne
1674 3151 1757 3190 scin-

957 3200 1023 3237 tilla
1042 3199 1162 3248 quiden
1177 3198 1261 3238 illius
1281 3213 1420 3249 vnquim
1436 3213 1602 3249 appareat,
1630 3208 1660 3239 &
1674 3201 1756 3238 nihil

955 3251 1092 3286 omnino
1103 3249 1146 3286 est
1158 3274 1169 3291 ,
1191 3262 1231 3286 ex
1249 3261 1316 3299 quo
1333 3249 1418 3286 aliud
1428 3253 1530 3288 actum
1543 3249 1629 3289 fuisse
1642 3249 1757 3304 pra-su·-

1370 3299 1479 3348 Dd3
1712 3310 1758 3344 mi

1247 3005 1362 3041 eodem
1379 3005 1481 3040 modo
1501 3004 1633 3052 intelligi
1646 3005 1758 3051 debet,
1783 3047 1785 3050 ,
