2052 3562
420 165 732 233 PAvRTITIO
784 193 1171 231 TITVLORVM
1209 196 1266 231 ·V.
1296 193 1327 232 E

332 257 578 307 ‘Cap.13.in6.

144 309 334 356 ignorantia
341 306 413 345 faeti
426 324 493 346 non
503 310 584 347 [uris
594 306 727 344 excusat.

93 358 180 421 Ex
192 368 618 424 Lib.VI.Decretal.
636 368 712 419 De
729 362 907 415 verbor.

178 445 183 450 '
407 439 592 510 fignific.

446 556 492 585 Ca
513 576 521 584 .
537 561 568 584 ι.

159 598 322 637 statutum
342 611 471 649 quoque
490 558 614 647 ipsum,
636 594 727 646 quod
748 591 903 642 capitulo

110 649 272 699 praelibato
285 656 316 685 δι
338 649 462 698 lingulis
472 652 539 685 eius
556 646 692 697 personis
712 646 904 688 libertatem,

109 701 328 737 obedientiam
348 701 451 736 eidem
476 697 618 736 Ecclefiae
631 700 797 744 *Romanae
815 695 907 730 debi-

109 762 175 787 tam
183 748 354 787 exhibendi
366 748 471 787 saltem
486 747 579 799 vsque
589 747 628 784 ad
641 747 824 784 sententiam
835 771 847 792 ,
868 749 902 780 δι

109 798 304 837 Pontificum
319 804 543 838 Romanorum
555 799 710 835 iudicium
728 797 779 833 seu
793 796 905 845 specia-

109 849 140 888 le
158 849 339 887 mandatum
360 849 486 899 liquido
505 848 666 886 interdicit
688 873 699 889 ‚
719 859 904 897 promptum

108 899 287 939 futurorum
307 902 522 948 grauaminum
545 904 577 935 &
589 898 787 948 expensarum
799 896 908 934 discri-

1 965 25 978 »Χ
43 990 48 996 ,
108 963 183 987 men
191 951 332 999 ingerens
349 963 458 987 contra
477 950 633 1000 legitimas
653 949 822 985 sanetiones
835 948 904 986 lau-

107 999 213 1038 dabile
224 1012 338 1038 votum
349 1013 558 1038 execrantium
569 1000 640 1037 lites
652 1012 746 1044 vetat,
757 1000 902 1036 iniustam

109 1049 199 1087 litem
213 1064 340 1088 mouere
350 1052 512 1100 compellit
526 1076 536 1093 ‚
550 1052 666 1099 iniqiiae
684 1050 902 1087 controuerfiae

109 1099 160 1138 seu
173 1099 220 1137 liti
233 1101 362 1140 cedendi
373 1102 487 1138 bonam
504 1101 662 1145 fidempseu
682 1099 901 1136 conscientiam

109 1151 274 1200 agnoscere
283 1150 431 1199 prohibet
441 1179 453 1198 ,
475 1158 508 1189 δι
527 1149 626 1200 adigit
635 1149 675 1186 ad
686 1152 875 1198 peccandum
889 1178 901 1193 ,

82 1223 83 1226 =
109 1200 370 1249 conspirationem
395 1205 428 1236 &
460 1202 709 1239 coniurationem
742 1202 903 1238 continere

106 1256 218 1288 contra
240 1250 414 1288 libertatem
438 1257 470 1287 &
494 1253 709 1290 auetoritatem
725 1250 802 1286 sedis
812 1254 907 1299 Apo-

108 1300 223 1337 stolicae
233 1300 441 1348 manifeste,ac
450 1301 526 1339 alias
537 1299 713 1339 detestabile
724 1300 905 1351 prorsusque

104 1350 251 1388 illicitum
262 1363 451 1399 reputamus.
543 1352 550 1359 '

105 1424 179 1474 Ex
191 1423 283 1471 Tit.
299 1421 506 1472 Pande&
523 1419 599 1470 De
612 1440 638 1472 v
647 1423 735 1472 erb.
752 1422 898 1491 lignis.

180 1509 278 1543 tam
292 1492 346 1540 de
360 1489 706 1562 Legissatoribus
720 1533 734 1554 ‚
759 1494 901 1561 quam

180 1563 236 1612 de
247 1559 522 1630 legissatione
538 1568 580 1609 ὃς
593 1562 902 1631 derogatione.

100 1694 108 1702 ·
166 1678 227 1707 Lex
240 1684 315 1719 239.
328 1671 494 1718 Pomponius
506 1671 554 1706 tib.
563 1671 810 1718 fingAEnchiridtJ.

137 1723 335 1759 Decuriones
348 1722 478 1770 quidam
487 1722 590 1757 ἀίδιος
600 1733 689 1758 amnt
697 1734 736 1756 ex
749 1733 803 1768 eo,
813 1721 902 1769 quod

101 1773 198 1809 initio
209 1769 284 1807 esim
301 1770 434 1814 c'oloniae
444 1772 672 1808 deducerentur
682 1796 692 1815 ,
703 1770 824 1806 decima
835 1784 902 1820 pars

74 1823 84 1828 ’”
101 1823 282 1870 eorum,qui
291 1821 531 1868 deducerentur,
541 1819 662 1870 conlib,
671 1820 790 1870 publici
802 1821 902 1869 gratia

102 1870 254 1909 conscribi
264 1870 359 1908 solita
373 1870 421 1908 fit.

202 1947 263 1976 Lex
278 1943 460 1987 215.Paulus
470 1941 508 1975 ad
524 1939 614 1988 1.Fus.
621 1943 788 1978 Caniniam.

153 1991 317 2028 potestatis
328 1990 427 2026 verbo
436 1989 523 2039 plura
545 1988 757 2038 fignificantur
769 2008 778 2027 .·
789 1990 822 2026 in
831 2003 901 2040 per.

100 2038 176 2076 sona
199 2041 434 2090 magistratuum
457 2041 629 2087 Imperium
644 2054 654 2081 ;
674 2042 706 2075 in
726 2038 850 2089 persona
861 2041 900 2076 li-

101 2090 248 2133 berorum
259 2092 357 2139 patria
370 2089 526 2140 potestas;
547 2091 579 2124 in
602 2090 728 2138 persona
750 2089 828 2126 serui
837 2091 901 2127 do·-

100 2151 247 2177 minium.

214 2212 276 2242 Lex
286 2215 299 2251 5
308 2217 340 2251 7.
354 2205 430 2241 Idem
442 2204 492 2240 lib.
506 2214 577 2238 ux.
589 2204 628 2238 ad
636 2205 776 2242 Editlum.

157 2257 225 2292 Cui
253 2255 407 2304 praecipua
426 2267 498 2290 cura
524 2266 627 2289 rerum
651 2256 809 2292 incumbit
831 2281 842 2298 ,
864 2261 903 2298 δι,

0 2295 10 2330 ¹·
58 2336 62 2340 .
102 2305 158 2353 qui
180 2308 279 2354 magis
295 2304 392 2353 quam
410 2305 510 2340 caeteri
526 2302 726 2351 diligentiam
746 2310 777 2341 ὅ(
795 2305 900 2344 solici-

101 2353 246 2390 tudinem
264 2353 354 2390 rebus
367 2380 378 2398 ‚
396 2353 509 2402 quibus
531 2354 663 2402 praesunt
674 2379 685 2396 ,
707 2354 824 2392 debent
837 2382 848 2401 ‚
866 2358 899 2393 hi

93 2405 250 2454 rMagistri
270 2403 475 2452 appellantur.
496 2405 589 2444 Quin
612 2403 707 2438 etiam
732 2404 786 2454 ipfi
800 2409 901 2456 magi-

104 2454 210 2491 stratus
223 2468 274 2506 per
283 2453 514 2490 deriuationem
524 2453 543 2489 ὲ
567 2452 718 2502 magistris
731 2460 901 2505 cognomi-

103 2517 205 2546 natur.
236 2512 257 2534 θ·

153 2579 213 2607 Lex
227 2584 301 2618 173.
314 2572 448 2617 leianuc
457 2572 510 2607 lib.
524 2581 605 2605 xxxi
614 2583 647 2607 x.
658 2573 697 2607 ad
704 2575 855 2614 sabinum.

145 2621 349 2670 Collegarum
357 2620 561 2668 appellatione
573 2620 606 2656 hi
626 2625 839 2673 continentur,
848 2627 904 2677 qui

101 2670 240 2709 eiusdem
253 2671 322 2708 sunt
331 2671 504 2719 potestatis.

184 2750 243 2778 Lex
259 2744 335 2789 238.
349 2744 491 2777 caiuslib.
503 2753 557 2779 vi.
568 2743 607 2777 ad
618 2755 734 2781 i..xii.
749 2748 837 2782 Tabb.

149 2792 241 2829 Plebs
250 2792 292 2828 est
304 2794 406 2827 caeteri
417 2792 500 2827 ciues
510 2790 572 2828 line
582 2792 786 2832 senatoribus.

199 2866 259 2893 Lex
275 2872 286 2894 ι
298 2869 343 2894 ir.
353 2857 496 2893 rabatenus
507 2858 554 2893 tib.
568 2869 621 2895 vi.
631 2872 668 2895 ex
679 2862 782 2906 cassio.

152 2906 287 2945 Censere
301 2906 344 2942 est
355 2905 540 2944 constituere
559 2911 591 2942 &
611 2911 795 2958 praecipere,
813 2910 899 2947 vnde

102 2959 196 2995 etiam
208 2957 309 3000 dicere
318 2954 450 2993 solemus
460 2983 469 2996 ‚
483 2957 606 2993 Censeo
620 2972 656 2996 vt
671 2959 731 2995 hoc
740 2959 850 2996 facias:
864 2966 897 2997 &

101 3013 247 3044 Senatum
257 3006 374 3055 aliquid
395 3005 548 3044 censuisse.
570 3008 650 3046 Inde
673 3010 822 3047 Censoris
835 3025 898 3047 no-

102 3062 175 3096 men‘
187 3056 312 3094 videtur
331 3054 385 3092 effe
396 3058 539 3094 tracium.

159 3135 225 3164 Lex
241 3141 312 3166 102.
329 3125 497 3174 Modestinus
510 3129 562 3163 lib.
576 3137 650 3165 vn.
663 3131 846 3176 Regularum.

150 3174 330 3226 Derogatur
340 3176 401 3226 legi
414 3188 467 3213 aut
474 3177 640 3225 abrogatur
650 3192 658 3213 :
669 3179 835 3226 derogatur
845 3178 889 3214 le—

102 3228 158 3278 gi,
180 3225 253 3262 cum
273 3239 339 3274 pars
348 3227 539 3264 detrahitur:
553 3226 717 3276 abrogatur
726 3227 787 3278 legi
798 3228 897 3276 ,cum

48 3297 52 3311 .
112 3273 233 3328 prorsus
242 3275 377 3314 tollitur.
392 3290 393 3293 ¹

1015 254 1085 304 Ex
1103 255 1505 309 Tit.Decretal.De
1520 212 1749 311 verberi43

1228 325 1457 396 fignificat.

1291 414 1366 452 Cap.
1384 423 1411 446 i-

936 470 938 472 ·
999 452 1042 500 Jn
1057 454 1124 503 his,
1147 465 1218 504 quae
1238 455 1478 504 ambiguitatem
1486 461 1649 499 continent
1660 463 1747 510 ,&c.''

955 506 1103 543 Innotuit
1118 506 1320 554 Apostolatui
1329 508 1436 543 nostro
1447 534 1459 555 ,
1470 509 1561 557 quod
1574 511 1648 549 cum
1665 516 1746 550 inter

953 556 1132 604 magistrum
1156 560 1209 592 M.
1228 561 1261 591 &
1286 557 1452 592 conuersos
1469 558 1627 608 hospitalis
1651 563 1745 600 lanffi

951 605 1146 654 simpliciani
1159 606 1246 656 super
1266 606 1380 643 eodem
1402 607 1545 657 hospitali
1567 614 1600 648 in
1611 612 1744 661 praesen-

953 656 996 690 tia
1016 657 1196 694 Mediolan.
1220 655 1458 706 Archiepiscopi
1470 660 1600 708 quaestio
1612 676 1746 701 vertere·-

952 707 1078 755 tur,ipse
1091 706 1349 756 Archiepiscopus
1360 708 1429 757 post
1441 711 1659 759 cognitionem
1672 728 1747 751 cau-

953 753 989 790 sae
1003 780 1014 797 ,
1029 761 1059 794 in
1071 759 1247 807 prolatione
1265 757 1421 794 sententiae
1432 758 1481 795 his
1495 762 1596 798 verbis
1607 775 1672 799 non
1684 763 1747 802 fuit

954 804 1024 843 vsus
1036 824 1046 843 .-
1059 808 1173 845 Talem
1183 819 1302 855 partem
1315 809 1506 853 condemno,
1519 811 1570 847 vel
1580 812 1672 849 talem
1686 816 1744 851 ab·

955 855 1064 894 soluo:
1079 860 1129 895 sed
1141 860 1360 907 pronunciauit
1375 874 1384 896 ς
1407 865 1456 896 Ita
1466 860 1567 898 statuo
1581 867 1613 899 δι
1639 867 1750 912 praeci-

957 908 1024 955 pio.
1058 909 1269 946 Attendentes
1291 911 1399 958 igitur,
1423 910 1514 960 quod
1536 911 1596 948 hoc
1615 915 1748 951 verbum

953 963 1067 994 Statuo
1080 973 1143 996 rem
1153 959 1318 1010 perfessain
1330 958 1532 1010 fignificat‚&
1542 976 1615 999 cum
1626 964 1748 1010 effeetu,

955 1021 1019 1044 non
1043 1010 1231 1048 verbotenus
1251 1035 1264 1055 ,
1284 1012 1442 1059 accipitur.
1474 1018 1557 1050 Item
1576 1013 1749 1052 secundum

953 1060 1146 1107 Gregorium
1159 1078 1168 1096 .·
1181 1064 1281 1103 Quod
1291 1063 1469 1110 praecipitur
1480 1089 1492 1108 ,
1511 1064 1679 1112 imperatur
1690 1081 1699 1102 z
1713 1070 1749 1101 δε

952 1112 1040 1156 quod
1055 1112 1232 1160 imperatur,
1246 1112 1360 1148 neceffe
1369 1113 1412 1149 est
1423 1111 1491 1150 fieri
1504 1130 1515 1150 .-
1527 1117 1559 1150 &
1574 1114 1748 1164 aliquando

953 1157 975 1194 fi
987 1173 1051 1194 non
1065 1159 1119 1197 fiat
1133 1186 1142 1204 ‚
1153 1174 1279 1211 poenam
1292 1160 1393 1199 habet.
1406 1161 1648 1202 Confiderantes
1661 1165 1746 1203 nihi-

954 1209 1095 1246 lominus
1110 1238 1121 1257 ,
1141 1212 1230 1262 quod
1250 1225 1315 1247 non
1334 1212 1427 1249 debet
1439 1213 1550 1262 aliquis
1559 1214 1751 1253 confiderare

954 1259 1046 1295 verba
1057 1286 1067 1305 ‚
1076 1259 1128 1296 sed
1142 1262 1353 1307 voluntatem,
1363 1261 1437 1299 cum
1448 1276 1515 1301 non
1529 1267 1668 1302 intentio
1679 1279 1751 1311 ver-

954 1308 1002 1344 bis
1012 1334 1023 1352 ‚
1032 1309 1081 1346 sed
1095 1314 1186 1349 verba
1194 1312 1364 1348 intentioni
1374 1313 1507 1352 debeant
1517 1313 1668 1353 deseruire
1676 1343 1688 1363 ,
1700 1318 1751 1353 in-

955 1368 1160 1406 terpretamur
1189 1363 1442 1410 procuratoribus
1469 1364 1631 1413 vti-iusque
1656 1367 1752 1414 partis

953 1410 1154 1457 praesentibus
1167 1418 1197 1449 ἃ
1212 1409 1393 1459 definimus,
1403 1414 1493 1462 quod
1505 1413 1623 1461 praefati
1635 1417 1756 1452 Archi-

951 1461 1086 1508 episcopi
1099 1462 1192 1499 verba
1204 1463 1256 1499 tali
1267 1459 1367 1498 forma
1378 1462 1497 1511 prolata
1510 1476 1661 1513 perpetuo
1671 1468 1750 1503 vali·

951 1521 1027 1546 turae
1037 1510 1194 1549 sententiae
1207 1513 1373 1549 obtineant
1384 1512 1574 1551 firmitatem.
1741 1514 1745 1516 ’

1292 1570 1364 1609 Cap.
1383 1576 1417 1608 9.

998 1611 1151 1653 Quamuis
1163 1623 1273 1647 omnes
1283 1615 1338 1661 qui
1358 1612 1492 1662 praesunt
1503 1640 1514 1659 ‚
1535 1613 1696 1663 Praepofiti
1707 1617 1751 1651 ri·
1793 1616 1798 1622 '

953 1659 984 1696 te
996 1674 1167 1704 vocentur,
1191 1659 1262 1698 vsus
1282 1672 1388 1700 tamen
1410 1658 1554 1701 obtinuit
1577 1679 1631 1701 eos
1644 1666 1749 1702 vocari

952 1710 1132 1760 praepositos
1144 1737 1154 1754 ,
1180 1713 1410 1762 quiquamdam
1420 1715 1573 1764 prioratus
1584 1728 1688 1752 curam
1699 1713 1751 1752 su-

951 1773 1004 1809 per
1012 1761 1091 1798 alios
1100 1773 1222 1810 gerunt.

952 1823 1024 1874 Ex
1040 1826 1133 1876 Tit.
1153 1825 1230 1875 De
1243 1828 1355 1896 Reg.
1371 1828 1460 1878 Iur.
1476 1829 1618 1880 Ciuil.
1643 1840 1677 1894 §.
1694 1832 1752 1881 de

1099 1900 1464 1964 interpretatione
1478 1899 1593 1951 Iuris
1693 1932 1696 1938 ι

1095 1986 1156 2014 Lex
1170 1992 1225 2024 90.
1237 1985 1340 2017 Paulus
1350 1983 1400 2023 lib,
1413 1993 1491 2022 xiv.
1503 1985 1610 2035 Qaest.

1000 2033 1039 2086 In
1049 2030 1199 2066 omnibus
1211 2032 1353 2078 quidem,
1364 2033 1500 2071 maxime
1511 2047 1616 2074 tamen
1625 2038 1659 2074 in
1668 2038 1754 2086 iure‚'

949 2091 1078 2129 aequitas
1087 2079 1246 2128 spectanda
1259 2081 1312 2119 est.

1026 2161 1087 2189 Lex
1100 2168 1176 2191 200.
1189 2157 1333 2192 iabolemu
1345 2159 1394 2195 tib.
1406 2169 1442 2195 v1
1453 2174 1480 2197 i.
1495 2158 1683 2207 epistolarum

999 2206 1138 2249 Qiosies
1151 2205 1232 2241 nihil
1255 2205 1318 2242 fine
1341 2209 1487 2257 captione
1504 2211 1680 2260 inuestigati
1692 2224 1754 2262 po—

949 2252 1018 2309 tesi,
1027 2254 1207 2311 eligendum
1219 2256 1262 2293 est
1273 2283 1285 2300 ‚
1300 2259 1389 2307 quod
1400 2260 1572 2297 minimum
1582 2260 1674 2300 habet
1683 2263 1750 2300 ini.-
1765 2276 1769 2280 ·

947 2315 1089 2352 quitatis.

1048 2376 1107 2404 Lex
1120 2380 1194 2413 192.
1211 2371 1359 2406 Marcellus
1370 2371 1420 2408 lib.
1433 2384 1531 2410 xxix.
1541 2371 1653 2421 Digest.

996 2421 1036 2454 In
1047 2432 1079 2454 re
1096 2419 1192 2456 dubia
1224 2418 1441 2468 benigniorem
1463 2422 1754 2471 interpretationem

947 2470 1031 2518 (equi
1046 2482 1111 2505 non
1128 2471 1232 2507 minus
1243 2469 1349 2506 iustius
1357 2471 1401 2508 est
1413 2471 1511 2521 quam
1525 2475 1636 2512 tutius,
1654 2509 1657 2512 ,

1057 2538 1116 2566 Lex
1135 2535 1205 2570 168.
1216 2538 1318 2571 Paulm
1329 2536 1379 2571 lib.
1396 2552 1421 2574 1.
1435 2538 1474 2571 ad
1483 2541 1638 2577 Plautium.

997 2582 1159 2629 Capienda
1169 2583 1290 2620 occasio
1299 2584 1341 2620 est
1352 2611 1364 2630 ,
1372 2597 1441 2634 quae
1454 2587 1571 2634 prebet
1580 2589 1746 2638 benignius

951 2625 1140 2679 responsum.

1071 2704 1132 2732 Lex
1142 2708 1155 2744 5
1164 2701 1197 2735 6.
1212 2704 1301 2735 Caius
1316 2702 1367 2738 lib.
1386 2716 1397 2738 r
1407 2715 1418 2738 1
1428 2715 1438 2738 i
1447 2725 1456 2736 .
1469 2705 1606 2751 Delegat.

948 2794 968 2832 s
1006 2749 1134 2796 Semper
1153 2748 1186 2784 in
1218 2748 1324 2786 dubiis
1348 2751 1531 2799 benigniora
1552 2754 1740 2805 preferenda

962 2807 1030 2833 unt.

1025 2852 1086 2880 Lex
1099 2851 1154 2894 67.
1173 2850 1360 2886 iulianuslib.
1372 2861 1498 2890 xxxxv:
1508 2867 1534 2889 ι.
1549 2853 1660 2901 Digest.

985 2896 1133 2950 ,Quoties
1152 2897 1238 2934 idem
1259 2899 1359 2935 sermo
1369 2900 1446 2937 duas
1460 2897 1623 2939 sententias
1635 2904 1740 2953 exptii

946 2954 1026 2989 mit,
1039 2957 1072 2979 ea
1085 2947 1280 2994 potiffimum
1289 2951 1468 2998 accipiatur,
1482 2963 1553 3000 qut
1572 2953 1615 2990 rei
1628 2967 1739 3004 geren-

948 2991 997 3029 dae
1009 2995 1111 3042 aptior
1120 2995 1173 3033 est.
1727 2995 1740 3005 ⁴

1051 3050 1111 3079 Lex
1124 3057 1156 3090 9.
1172 3050 1308 3092 leiaenus
1315 3049 1365 3082 lib.
1380 3060 1434 3086 xv.
1446 3051 1486 3085 ad
1494 3045 1640 3089 Sabinum.

993 3095 1123 3149 §emper
1131 3096 1165 3132 in
1174 3095 1312 3133 obscuris
1321 3098 1411 3147 quod
1431 3099 1600 3138 minimum
1610 3101 1654 3138 est
1661 3128 1675 3150 ,
1694 3102 1741 3143 Ε-

945 3151 1082 3189 quimur.

1040 3199 1099 3228 Lex
1110 3206 1167 3241 97.
1180 3197 1327 3230 Marianus
1338 3197 1389 3233 tib.
1400 3208 1470 3235 xit.
1476 3197 1677 3247 fideiconuniff.

988 3244 1027 3277 In
1040 3242 1195 3292 ambiguis
1215 3245 1414 3282 orationibus
1434 3249 1572 3285 maxime
1589 3250 1740 3290 sententia

944 3290 1106 3341 spectanda
1116 3295 1181 3331 eius
1192 3293 1301 3345 est,qui
1310 3308 1359 3331 eas
1373 3295 1556 3351 protulisset.

1320 3342 1406 3394 Fs4
1680 3352 1739 3381 lex
