2052 3562
279 201 349 236 880

275 278 365 318 nauis
376 279 523 330 magister
537 284 569 317 δε
585 277 779 328 gubernator
797 279 830 315 in
855 278 955 328 puppi
974 278 1082 315 sedens

274 329 332 366 dat
340 343 470 380 operam
484 340 519 366 vt
539 330 661 365 rectum
678 339 793 365 teneat.
831 328 930 364 Vnde
951 341 1079 377 prouer-

275 376 365 415 bium
391 378 409 414 ὰ
427 376 631 423 Qintiliano
650 375 833 422 vsurpatum
853 375 907 413 lib.
925 392 956 413 2·
986 375 1080 412 Dum

272 427 400 464 clauum
409 426 531 463 rectum
540 438 664 463 teneam
680 436 691 465 2
705 426 739 464 id
750 424 796 462 est
806 453 818 472 ,
829 423 907 461 dum
917 437 990 461 rneo
1005 423 1080 461 fun-

299 489 333 512 ar
348 476 466 513 officio.
495 474 641 513 Iudicate
659 485 766 511 autem
787 473 913 510 videtur
930 473 982 510 hic
998 472 1076 520 le.

273 488 540 561 §enatusconsulti
567 522 766 559 mentionem
790 520 905 559 faciens
922 551 935 569 ,
975 521 1079 572 plures

249 573 349 610 anani
364 572 475 609 clauos
483 570 572 609 fuisse
585 601 598 619 ,
625 571 703 608 dum
723 570 839 622 plurali
851 571 952 608 vtitur
965 584 1078 607 nurne-

272 636 311 659 ro
322 651 334 668 ,
358 620 450 673 quod
459 620 597 658 omnino
605 618 691 671 apud
702 633 752 656 me
762 616 1003 658 controuersum
1018 619 1077 667 est,

273 670 331 718 c'lui
352 671 459 706 'vnum
479 680 605 706 tantum
620 668 747 705 clauum
762 667 881 720 vbique
898 666 975 704 vidi.
1006 668 1078 704 Ac-

270 717 388 756 cursius
403 716 475 754 sane
494 718 623 755 clauum
648 730 708 767 pro
718 715 938 768 gubernaculo
949 716 1075 767 accipit,

272 765 431 816 binosifiue
446 765 481 803 in
506 766 582 803 naui
599 765 707 804 clauos
728 766 907 803 constituit*
932 764 1005 801 Scio
1017 778 1077 813 gu-

271 814 441 853 bernacula
453 815 487 852 in
501 815 576 852 naui
587 814 672 852 dicta
684 816 743 851 esse
753 844 766 863 ,
781 827 854 866 quae
864 813 957 852 clauo
968 812 1077 850 adhae-

270 863 384 901 rebant
393 892 406 911 ,
425 862 565 914 quaet'lue
581 863 606 900 is
615 862 773 902 tractabat
786 865 817 901 in
829 862 930 914 puppi
945 862 1002 913 qui
1013 875 1077 911 gu-

268 911 420 950 bernator
443 918 475 949 ἀ
491 911 642 951 dominus
659 912 748 949 nauis
770 912 788 948 a
801 914 960 948 Cicerone
969 910 1076 962 appel-

266 961 374 1009 latur,
400 961 664 999 &Graecisautem
689 959 848 999 ²⁶⁹3·e·¹v'¹¹·‘.
866 962 1076 1010 Quapropter

267 1008 294 1048 si
314 1010 455 1057 Accurfij
473 1009 704 1059 expositionem
723 1006 892 1058 sequamur
915 1038 927 1056 ,
954 1006 1075 1046 videbi-

266 1069 321 1096 tur
333 1065 364 1095 &
383 1057 424 1097 de
437 1058 531 1096 clauo
548 1057 614 1108 ipso
635 1064 667 1094 δι
686 1057 727 1094 de
743 1055 965 1106 gubernaculis
979 1071 1076 1094 anne-

266 1107 311 1144 xis
321 1104 501 1158 responsum
519 1106 604 1144 istud
629 1105 877 1154 intelligendum
888 1105 984 1153 effe,⁴
1006 1112 1036 1142 δι
1049 1105 1072 1142 si

265 1156 337 1206 quis
346 1167 510 1204 vti-unque
520 1155 572 1191 vel
580 1169 680 1191 vnum
692 1168 731 1191 ex
741 1155 789 1191 his
801 1152 965 1191 abstulerit
976 1180 986 1198 ‚
997 1168 1072 1191 om-

263 1205 355 1241 nium
373 1217 480 1242 rerum
499 1205 630 1241 nomine
650 1202 830 1247 tenebitur,
865 1202 956 1251 quod
972 1205 1071 1240 ratio—

266 1267 343 1290 nem
353 1252 460 1290 habet.
488 1252 621 1289 Etenim
638 1266 712 1289 cum
722 1251 815 1290 clauo
834 1258 865 1288 &
874 1250 1074 1301 gubernacu-

265 1300 303 1337 lis
315 1303 403 1339 nauis
415 1312 500 1340 caret
520 1312 616 1352 atque
628 1302 723 1338 etiam
746 1299 880 1351 spoliata
898 1299 965 1348 est,
984 1302 1074 1350 quic—

265 1350 348 1400 quid
363 1349 546 1388 continetur
556 1375 568 1392 ,
591 1349 791 1387 necessariam
802 1348 866 1386 fere
879 1344 1001 1400 semper
1012 1349 1075 1386 cla—

263 1401 340 1438 dem
353 1398 500 1447 accipiet,
511 1398 603 1449 quod
611 1405 641 1435 &
650 1398 821 1448 Virgilius,
839 1400 974 1433 Aeneidos
984 1402 1034 1435 lib.
1044 1413 1073 1435 1.

265 1455 297 1486 δι
308 1448 467 1489 Ouidius,
481 1450 671 1493 metamorph.
687 1451 736 1484 lib.
745 1459 754 1481 i
763 1474 771 1483 .
783 1451 818 1486 (ξφ
829 1449 861 1482 de
872 1445 975 1493 tristih.
987 1451 1036 1483 [th.
1047 1465 1072 1485 1.

264 1500 337 1544 eleg.
347 1512 372 1534 1.
386 1503 418 1533 ὃς
436 1499 583 1534 Lucanus
587 1498 633 1543 ‚fle
647 1498 718 1531 Bello
726 1496 925 1542 pharsal.lib.5
935 1496 1074 1533 .diucrfls
1089 1505 1093 1510 “

264 1546 344 1583 locis
364 1543 510 1581 fusissime*
529 1544 697 1581 testantur⁴
725 1544 789 1582 Sed
805 1550 836 1580 &
852 1544 1026 1597 protritum
1038 1545 1074 1582 il-

266 1594 323 1633 lud
341 1594 417 1638 hinc
433 1600 464 1629 &
482 1604 572 1630 vetus
596 1592 746 1641 adagium
770 1604 881 1631 ortum
905 1592 950 1629 cst
964 1623 977 1641 ,
1006 1608 1073 1631 rem

262 1643 381 1680 {aluam
400 1643 459 1680 effi:
479 1667 490 1685 ‚
514 1641 594 1678 dum
607 1640 734 1677 clauum
753 1641 877 1678 restum
898 1647 929 1677 &
949 1642 1072 1679 incolu-

263 1705 351 1728 mem
359 1702 483 1727 teneam
497 1715 508 1733 ,
538 1691 605 1724 Vide
618 1688 732 1734 Eras.1'n
742 1692 866 1726 cluniaci.
876 1702 906 1735 ς.
915 1700 1024 1725 centur.
1038 1703 1049 1725 i
1061 1719 1069 1726 .

266 1740 320 1777 Sic
330 1745 361 1777 &
375 1738 399 1776 si
408 1740 480 1788 quis
494 1737 625 1788 (inquit
642 1736 810 1784 Domitius
819 1738 979 1786 leianus
989 1768 1001 1787 ,
1023 1743 1042 1774 l.
1048 1740 1074 1785 fi

260 1794 321 1835 quis
330 1792 360 1824 in
368 1792 456 1835 graui
470 1788 523 1836 §.fi
534 1792 592 1832 quis
603 1788 714 1821 tabulas
725 1786 819 1833 infiati
827 1790 1072 1837 SC05'yllianum.)

261 1851 331 1875 non
344 1848 450 1875 totum
461 1836 687 1873 testamentum
706 1860 717 1878 ‚
754 1834 806 1872 sed
820 1847 943 1886 partem
961 1836 1025 1873 eius
1037 1851 1072 1873 a-

264 1887 406 1936 peruen't
416 1915 429 1934 ,
453 1884 625 1922 dicendum
635 1884 680 1921 est
692 1914 704 1932 ,
716 1884 749 1920 in
760 1883 902 1922 edictum
913 1899 985 1922 eum
993 1886 1072 1923 inci-

260 1935 349 1974 diffe.
370 1935 467 1971 Parui
479 1937 564 1970 enim
586 1930 692 1970 refert,
704 1945 814 1971 vtrum
830 1944 936 1970 totum
952 1948 991 1970 an
1002 1948 1071 1984 pars

259 1984 430 2037 aperiatur.
469 1983 521 2019 Sic
539 1988 570 2018 δι
583 1979 625 2018 ab
645 1981 806 2033 Alberico
820 1982 874 2020 res
890 1985 1001 2019 onsum
1010 1982 1070 2030 est,

260 2037 314 2071 ibi.
330 2033 451 2070 statuto
469 2044 539 2081 quo
549 2041 684 2068 centum
701 2030 807 2069 solidis
819 2045 862 2068 vu
877 2044 989 2068 nerans
1008 2046 1072 2084 pu—

260 2083 364 2129 nitur,
376 2094 449 2118 eum
460 2093 597 2130 quoque
611 2081 793 2127 contineri,
811 2081 870 2131 qui
880 2079 991 2117 stricto
1002 2081 1072 2117 ense

259 2128 401 2168 laedendi
426 2133 538 2166 animo
569 2127 759 2165 vestimenta
785 2128 914 2166 alterius
935 2129 1069 2167 inscidit.

259 2184 344 2228 Qo
359 2185 391 2215 &
411 2178 576 2215 Ciceronis
593 2175 749 2215 sententia
767 2176 906 2227 spectare
928 2178 1070 2222 videtur,

260 2233 292 2266 in
303 2231 430 2264 oratione
436 2238 487 2274 pro
499 2229 617 2264 Milone.
636 2224 722 2262 Non
735 2224 835 2263 eicitus
851 2226 1003 2278 (inquit)
1019 2240 1071 2263 re—

260 2290 334 2315 rum
348 2275 450 2314 (olum
466 2301 477 2317 ‚
511 2274 563 2312 sed
579 2281 610 2312 ἀ
622 2274 792 2311 hominum
802 2273 933 2311 confilia
948 2273 1070 2323 legibus

261 2325 468 2363 vindicantur
492 2339 500 2360 t
526 2324 630 2360 minus
641 2323 773 2374 quidem
783 2322 961 2361 dolendum
979 2324 1024 2360 est
1035 2337 1069 2360 re

257 2388 329 2412 non
346 2372 488 2422 perfecta
501 2398 509 2410 ‚
521 2372 573 2409 led
588 2372 789 2422 puniendum
799 2371 883 2409 certe
899 2371 1067 2410 nihilomi-

257 2436 329 2460 nus.
343 2421 406 2459 Sed
415 2427 447 2457 ὃς
457 2418 566 2464 Plato,
577 2424 695 2467 Dialog.
705 2435 713 2456 1
725 2435 737 2456 1
746 2424 790 2456 .de
799 2420 924 2467 legib&
934 2422 1070 2470 quis(in-

257 2472 331 2521 quit
344 2468 508 2515 >voluerit
524 2498 537 2516 ,
549 2469 781 2518 cogitaueritue
806 2469 943 2506 amicum
955 2469 1066 2507 horni-

255 2534 346 2568 nem,
357 2533 396 2557 ex
408 2520 444 2565 ijs
454 2530 536 2569 quos
545 2517 697 2570 prohibet
706 2517 958 2564 lex,;'interficere
969 2530 979 2551 τ
989 2517 1065 2554 vul—

255 2569 416 2606 nerauerit
434 2578 541 2603 autem
562 2597 576 2616 ,
617 2581 676 2604 nec
706 2565 885 2609 interficere
908 2567 1063 2613 potuerit:

253 2617 343 2656 hunc
361 2616 453 2656 omni
472 2627 597 2653 remota
618 2614 829 2652 misericordia
854 2640 865 2659 ‚
889 2628 957 2652 non
973 2614 1063 2652 aliter

251 2665 354 2716 quam
365 2665 388 2702 si
399 2667 465 2703 vita
504 2665 629 2701 riuasset
640 2693 653 2709 ,
677 2663 752 2702 dare
761 2663 854 2701 caedis
875 2662 1064 2715 lupplicium

252 2727 453 2764 cogeremus.
476 2677 601 2752 Eadem
615 2713 712 2762 igitur
728 2712 852 2750 ratione
868 2710 902 2747 in
913 2725 973 2760 pro
997 2711 1064 2749 ofi-

252 2774 287 2800 ta
296 2777 396 2814 poena
416 2762 588 2801 dicendum
598 2772 664 2800 erat
674 2790 687 2809 ,
721 2774 795 2799 cum
806 2767 837 2797 &
854 2760 879 2797 is
890 2761 947 2810 qui
955 2775 972 2798 c
985 2774 1063 2798 auos

251 2811 357 2850 aufert
371 2842 383 2859 ,
409 2811 473 2850 hoc
489 2824 624 2867 quoque
637 2809 732 2860 egisse
746 2810 894 2847 videatur
903 2809 1062 2859 agereque

253 2861 389 2898 voluiffe
398 2891 429 2908 ,r
445 2872 483 2898 vt
499 2875 534 2898 in
553 2859 719 2898 discrimen
737 2858 826 2896 nauis
840 2868 910 2895 tota
925 2859 1059 2895 veniret.

252 2909 353 2946 Nihil
370 2909 418 2947 his
428 2908 534 2947 obstat
555 2907 648 2960 quod
672 2918 783 2956 contra
792 2905 988 2944 Trebatium
997 2906 1062 2943 Vl-

252 2960 364 3003 pianus
374 2960 442 3006 ait,
461 2962 480 2993 l.
499 2960 630 3005 vulgaris
643 2962 766 3002 princip.
774 2956 837 3002 sup.
845 2957 879 2990 de
892 2956 970 3003 furt.
986 2969 1061 2993 eum

251 3007 312 3057 qui
321 3007 468 3045 doliuma
493 3008 592 3045 eriens
604 3017 727 3060 partem
737 3006 804 3043 vini
814 3003 946 3042 abstulit
959 3034 972 3052 ,
992 3018 1061 3042 non

253 3057 352 3092 totius
368 3057 421 3094 sed
438 3021 531 3094 solius
548 3055 649 3106 partis
666 3055 790 3093 ratione
806 3080 817 3098 ‚
842 3053 920 3092 furti
932 3054 1059 3091 ustione

251 3104 512 3144 conueniendum
531 3105 591 3141 effe
614 3121 623 3144 :
646 3103 715 3146 Qui
739 3103 824 3141 enim
850 3103 919 3140 vini
935 3107 1059 3154 partem

251 3151 357 3190 aufert
369 3183 383 3202 ,
409 3153 433 3189 is
447 3168 507 3205 pro
522 3167 556 3191 ea
567 3165 656 3206 parte
663 3163 791 3190 tantum
809 3151 877 3189 vini
887 3150 1060 3188 dominum

239 3200 571 3250 ,detrimentoafficere
581 3202 699 3253 potest.
721 3202 772 3239 At
781 3201 838 3252 qui
853 3200 982 3238 clauum
1002 3213 1059 3236 na-

249 3249 298 3288 uis
310 3250 436 3289 reuellit
447 3279 460 3298 ,
472 3250 667 3290 totiusnauis
673 3249 852 3303 periculum
862 3279 876 3299 ‚
885 3248 1057 3310 dominum

672 192 922 236 PETRVS
977 196 1258 250 PECKIVS
1316 193 1392 234 IN
1447 195 1576 236 TIT.

1128 276 1229 315 subire
1240 276 1326 315 facit.
1352 279 1415 317 Sed
1437 278 1608 328 quomodo
1626 278 1668 314 ait
1681 277 1771 327 lei.
1783 279 1931 317 omnium

1129 340 1233 363 rerum
1249 327 1379 364 nomine
1391 328 1491 365 teneri
1512 328 1524 365 ἓ.
1548 330 1644 363 Anne
1662 328 1750 364 laluis
1762 329 1858 365 etiam
1875 343 1931 365 re·-

1129 374 1186 411 bus
1200 405 1211 422 ,
1223 381 1254 411 &
1262 376 1340 412 Deo
1353 375 1433 413 duce
1446 377 1477 412 in
1489 388 1617 425 portum
1630 375 1765 413 deducta
1775 390 1856 412 naue
1865 407 1877 424 ,
1889 378 1934 414 de·

1129 423 1279 460 omnibus
1300 424 1644 472 conuenietur3Q0d
1664 438 1702 460 ex
1721 422 1931 476 superioribus

1127 471 1191 509 dici
1199 484 1334 521 poterat.
1361 478 1414 509 An
1423 473 1527 524 potius
1538 472 1674 522 depressa
1684 487 1765 510 naue
1775 503 1788 521 ,
1803 474 1932 510 amiffis-

1128 522 1192 570 que
1203 520 1332 558 demum
1345 521 1455 558 anullo
1473 521 1566 558 clauo
1579 520 1733 558 mercibus
1748 551 1760 569 ,
1782 523 1930 560 omnium

1126 570 1257 606 nomine
1269 569 1454 608 tenebitur-2.
1469 570 1555 608 Illud
1564 581 1716 620 tanquam
1727 572 1841 608 rationi
1858 585 1931 608 ma-

1126 619 1173 666 gis
1191 618 1367 655 conionum
1378 649 1390 667 ,
1418 621 1520 655 verius
1532 619 1591 655 esse
1600 618 1745 656 existimo
1754 648 1766 667 ,
1791 620 1845 658 {ed
1855 633 1929 670 poe-

1125 681 1199 702 nam
1222 666 1239 702 a
1258 666 1380 717 legibus
1403 667 1483 703 vltra
1504 667 1738 704 restitutionem
1758 668 1929 717 rerumtfiue

1126 715 1304 752 amissarum
1316 715 1556 752 aestimationem
1569 715 1788 764 constitutam,
1796 716 1930 754 minim&

1125 762 1268 801 euitabit.
1293 768 1377 801 Nam
1386 764 1409 801 si
1421 778 1457 802 ca
1470 764 1508 802 fit
1525 765 1608 801 ratio
1622 770 1635 805 (
1653 776 1687 800 vt
1699 771 1729 801 ὃς
1742 766 1927 808 Accur.ait)

1126 813 1217 859 quod
1234 814 1379 850 omnium
1396 814 1527 850 nomine
1544 824 1687 849 teneatur
1701 840 1707 852 ‚
1733 815 1810 864 quia
1818 815 1929 852 amisso

1125 861 1218 898 clauo
1240 875 1356 899 merces
1377 876 1450 899 cum
1462 876 1543 899 naue
1562 862 1624 913 ipsa
1639 862 1671 897 in
1684 863 1861 912 periculum
1871 863 1927 900 de-

1125 910 1286 948 ducuntur
1304 929 1312 956 3
1327 910 1412 948 causa
1422 909 1569 960 profect&
1581 911 1715 947 ceffante
1782 925 1862 950 naue
1870 912 1929 950 sal-

1123 972 1176 1005 ua,
1193 960 1320 996 eff‘ec'tus
1339 973 1471 1009 quoque
1488 960 1600 996 cessare
1611 957 1760 1007 debebit,
1771 962 1930 1009 Lcumces-

1118 1007 1202 1053 fante
1213 1018 1273 1046 ext.
1288 1011 1321 1043 de
1338 1012 1466 1055 appellat.
1502 1009 1603 1050 Quod
1612 1008 1708 1054 igitur
1720 1007 1928 1055 dicitur‚1atb

1123 1063 1143 1090 F
1145 1059 1240 1101 ulg.in
1250 1061 1352 1092 trac'ta.
1360 1060 1392 1092 de
1401 1062 1617 1102 conat-Hipolit.
1630 1062 1659 1091 in
1670 1058 1929 1106 l.quifalsan1‚inf.

1122 1107 1155 1139 de
1162 1107 1218 1152 fal,
1232 1107 1264 1143 in
1275 1105 1431 1143 atrocibus
1441 1106 1577 1152 delictis,
1596 1105 1690 1156 quale
1701 1104 1746 1142 est
1755 1105 1930 1157 istud,affe-

1124 1155 1216 1208 &um
1223 1168 1283 1205 pro
1292 1155 1407 1192 effeetu
1417 1153 1635 1203 accipiendum
1652 1154 1711 1191 effe
1723 1167 1733 1188 -·
1744 1154 1783 1192 ad
1793 1169 1928 1207 poenam

1111 1201 1279 1252 ‘pertinere
1290 1203 1533 1240 existimandum
1548 1204 1615 1239 erit.

1174 1252 1308 1288 Omv
1318 1264 1476 1289 LENTVR.
1507 1251 1626 1298 Recte,
1639 1257 1669 1287 &
1679 1251 1815 1289 naturali
1824 1266 1863 1290 ex
1875 1267 1930 1291 ra-

1123 1301 1212 1338 tione
1236 1303 1404 1352 antiquum
1426 1299 1505 1338 illud
1530 1301 1689 1336 emanauit
1704 1300 1929 1350 prouerbium,

1122 1351 1241 1387 Homo
1257 1350 1382 1387 homini
1395 1350 1496 1387 Deus.
1519 1353 1597 1391 Quo
1606 1348 1931 1388 admonemur-homi-

1122 1413 1176 1435 nes
1187 1404 1212 1433 <u
1221 1399 1363 1435 hristiani
1373 1430 1386 1447 ³
1399 1398 1490 1447 quod
1505 1410 1689 1449 perpetuam
1697 1398 1884 1436 charitatem
1895 1406 1928 1436 δε

1123 1447 1329 1485 dilectionem
1356 1460 1430 1496 erga
1462 1449 1644 1499 proximum
1674 1446 1783 1484 fouere
1811 1447 1937 1486 deberi—-

1120 1510 1200 1533 mus.
1225 1497 1257 1534 Si
1267 1498 1351 1532 enim
1362 1496 1524 1545 diligimus
1534 1496 1672 1532 inulcem
1688 1522 1696 1538 ‚
1709 1495 1803 1533 Deus
1815 1497 1849 1534 in
1860 1511 1928 1534 nos

1122 1543 1166 1580 bis
1180 1557 1309 1592 manet,
1337 1551 1367 1580 δι
1384 1545 1517 1582 charitas
1529 1545 1592 1580 cius
1610 1551 1618 1587 (
1632 1556 1668 1581 vt
1679 1545 1814 1581 loannes
1831 1546 1931 1584 testa-

1120 1605 1172 1629 tur
1184 1621 1192 1633 ‚
1224 1608 1251 1629 1.
1266 1599 1377 1628 Ioannis
1393 1597 1471 1639 ix.)
1484 1595 1516 1629 in
1529 1591 1620 1629 nobis
1631 1591 1769 1642 perfesta
1784 1593 1840 1630 est·
1853 1598 1928 1637 Qua

1121 1642 1243 1680 ratione
1275 1641 1507 1692 prudentissime
1539 1642 1556 1677 ἐι
1584 1642 1747 1678 Cicerone
1777 1641 1929 1695 scriptum

1121 1693 1318 1742 accepimus,
1345 1702 1421 1728 tunc
1439 1688 1577 1727 maxime
1596 1690 1741 1730 homines
1767 1691 1859 1728 Deos
1870 1691 1929 1728 im-

1122 1739 1270 1776 mortales
1283 1739 1420 1787 imitari,
1449 1753 1522 1777 cum
1540 1739 1573 1774 in
1593 1739 1682 1788 graui
1700 1738 1841 1788 periculo
1852 1740 1923 1778 [uc-¹

1122 1799 1265 1824 currunt.
1299 1791 1374 1836 Q
1385 1788 1508 1824 ratione
1518 1801 1651 1837 quoque
1664 1793 1695 1823 δε
1707 1787 1821 1825 Strabo
1831 1789 1930 1828 tradit

1121 1837 1295 1888 AEgyptios
1316 1836 1472 1886 quoidam
1495 1835 1657 1886 duplicem
1681 1835 1782 1873 facere
1798 1837 1927 1887 Deum,

1119 1885 1349 1932 immortalem,
1359 1887 1415 1934 qui
1426 1898 1530 1921 rerum
1547 1885 1694 1921 omnium
1705 1884 1743 1926 sit
1752 1885 1883 1935 author,
1894 1894 1928 1925 &

1119 1933 1287 1970 mortalem
1297 1934 1402 1981 ignoti
1412 1933 1550 1970 nominis
1560 1963 1572 1980 ,
1586 1946 1654 1970 tum
1666 1932 1684 1969 ὲ
1692 1933 1809 1983 quibus
1826 1933 1927 1974 bene-

1119 1982 1196 2019 ficio
1206 1982 1269 2019 sint
1280 1983 1454 2029 ast‘cc'tissos
1463 1981 1563 2019 ferme
1571 1996 1630 2033 pro
1642 1982 1700 2028 dijs
1712 1981 1835 2021 colunt.
1864 1984 1928 2024 Sed

1121 2037 1152 2066 &
1163 2031 1296 2082 pulchre
1319 2031 1351 2067 in
1366 2032 1424 2071 lib.
1436 2031 1476 2069 de
1502 2030 1661 2078 beneficijs
1671 2030 1816 2068 Armaeus
1825 2031 1928 2071 Sene-

1118 2093 1154 2117 ca
1167 2097 1174 2119 :
1188 2083 1272 2116 Nam
1281 2093 1350 2127 quo
1362 2079 1490 2131 (inquit
1501 2085 1516 2123 )
1527 2078 1592 2116 alio
1603 2080 1664 2116 tuti
1673 2078 1776 2116 (umus
1784 2105 1795 2124 ,
1825 2094 1926 2130 quam

1144 2127 1209 2166 uod
1220 2129 1338 2165 mutuis
1349 2124 1634 2171 ititiamu1⁴dfficii53
1645 2130 1721 2165 Hoc
1730 2141 1798 2166 vno
1806 2129 1925 2168 instru-

1119 2142 1202 2214 {Jtior
1213 2178 1279 2214 vita
1291 2207 1301 2224 ,
1311 2177 1488 2226 conti-adue
1504 2176 1682 2213 inuasiones
1691 2175 1805 2214 subitas
1815 2176 1926 2216 mu'ni-

1117 2228 1181 2263 tior
1191 2226 1249 2263 est.
1268 2226 1330 2262 Fac
1340 2239 1398 2262 nos
1409 2225 1570 2275 singulos,
1583 2225 1664 2276 quid
1673 2224 1799 2264 sumus}
1812 2228 1925 2266 Praeda

1116 2274 1301 2312 animalium
1312 2280 1342 2310 ὃ(
1352 2274 1482 2311 vistim-a
1499 2305 1510 2321 ,
1528 2287 1562 2311 ac
1572 2272 1750 2310 belliffimus
1767 2281 1797 2311 δε
1805 2273 1925 2314 facilli-

1117 2338 1186 2360 mus
1205 2323 1337 2372 sanguis.
1372 2323 1537 2368 Qoniam
1554 2324 1672 2360 caeteris
1690 2323 1922 2363 animalibusin

1115 2372 1249 2409 tutelam
1259 2372 1302 2408 sui
1311 2372 1378 2409 latis
1394 2373 1509 2408 virium
1520 2371 1565 2408 cst
1576 2397 1586 2414 ,
1613 2384 1827 2421 quaecumque
1837 2386 1922 2424 vaga

1116 2419 1322 2458 nascebantur
1335 2451 1346 2468 ,
1367 2427 1397 2456 ὅ(
1407 2421 1516 2458 astura
1526 2421 1624 2456 vitam
1634 2422 1810 2470 legregem,
1819 2436 1922 2460 arma-

1116 2481 1147 2506 ta
1158 2468 1240 2506 lunt.
1253 2470 1434 2506 Hominem
1444 2468 1641 2506 imbecillitas
1652 2471 1765 2518 cingit,
1782 2469 1921 2509 debilem

1114 2526 1143 2555 ὅι
1155 2519 1320 2555 infirmum
1339 2517 1465 2555 societas
1484 2518 1599 2555 munit.
1629 2520 1721 2554 Hanc
1740 2518 1923 2558 societatem

1114 2565 1193 2604 tolle
1211 2596 1222 2613 ,
1249 2568 1441 2604 &vnitatem
1451 2569 1572 2615 generis
1584 2565 1715 2601 humani
1727 2565 1791 2617 quai
1800 2569 1867 2605 vita
1875 2569 1924 2606 su-

1111 2615 1258 2663 stinetur,
1271 2614 1397 2653 scindes.
1409 2619 1491 2660 Qae
1501 2629 1573 2653 cum
1583 2615 1626 2650 ita
1639 2612 1834 2661 fint,meritd
1849 2617 1922 2655 {arie

1112 2676 1208 2715 atque
1220 2663 1391 2713 aequlffime
1401 2665 1434 2700 in
1460 2678 1512 2701 eos
1539 2660 1850 2702 senatusconsultum
1857 2666 1918 2703 sae-
1967 2689 1972 2693 -

1112 2713 1182 2759 uit,
1217 2714 1273 2762 qui
1284 2725 1404 2750 naturae
1421 2712 1584 2761 totiullque
1612 2711 1817 2749 humanitatis
1832 2713 1919 2764 leges

1111 2771 1352 2799 contemnentes
1362 2792 1374 2809 ‚
1410 2759 1661 2812 periclitantibus
1675 2773 1770 2810 opem
1786 2763 1922 2800 minime-

1111 2809 1334 2848 tulerunt.Sed
1347 2811 1518 2862 quomodo
1529 2808 1632 2846 secui&
1646 2809 1702 2845 Ait
1712 2809 1869 2861 leianus
1878 2811 1922 2849 lc-

1110 2859 1159 2909 gis
1172 2857 1337 2895 cornelia:
1348 2872 1447 2909 poena
1485 2860 1532 2895 uae
1544 2858 1584 2895 de
1592 2857 1707 2905 ficarijs
1716 2856 1778 2896 lata
1788 2859 1833 2896 est
1843 2889 1855 2908 ,
1882 2860 1919 2899 id

1108 2907 1294 2957 est,capitis,
1310 2917 1368 2942 toto
1376 2872 1524 2955 mjnP&
1534 2909 1607 2942 cad
1615 2908 1921 2954 l.Corn.de'ficar.ad-

1116 2954 1270 2994 ficiendos
1282 2955 1362 3002 effe,
1399 2956 1491 3007 quod
1510 2956 1666 2993 rationem
1683 2953 1790 2992 habet.
1816 2957 1917 2995 Anne

1109 3005 1198 3041 enim
1211 3003 1314 3040 minus
1333 3004 1379 3040 est
1392 3005 1529 3041 criminis
1545 3005 1646 3040 'vitam
1658 3003 1915 3054 viuentitollere‚
1944 3006 1947 3008 ’

1111 3066 1211 3105 quam
1221 3065 1295 3089 cum
1307 3052 1387 3089 ferre
1397 3050 1755 3104 possis,pcriclitantibus
1764 3052 1919 3097 auxilium

1108 3101 1265 3150 denegare
1275 3101 1288 3138 ἓ.
1300 3112 1333 3136 ar
1333 3114 1366 3147 g.
1379 3111 1443 3145 cap.
1450 3102 1523 3147 ficut
1540 3115 1594 3148 47.
1607 3100 1730 3146 distinet.
1758 3101 1808 3138 Vt
1821 3101 1922 3152 igitur

1106 3151 1140 3187 in
1152 3149 1323 3187 hominum
1335 3150 1553 3187 interfectores
1565 3149 1635 3198 lege
1654 3148 1812 3186 Cornelia
1832 3151 1922 3203 capi-

1109 3199 1151 3236 tis
1175 3211 1275 3250 poena
1297 3198 1445 3235 statuitur
1463 3228 1476 3246 ,
1512 3199 1555 3235 ita
1577 3204 1608 3233 &
1632 3196 1741 3234 eadem
1768 3197 1830 3236 hoc
1847 3199 1924 3239 loco

1108 3245 1294 3297 recipienda
1319 3247 1365 3285 est
1374 3276 1386 3295 ‚
1418 3253 1449 3283 ὃς
1464 3247 1522 3297 qui
1545 3246 1702 3284 damnum
1730 3245 1785 3284 vbi
1799 3249 1922 3299 potest,

1854 3310 1921 3335 110ss
