2052 3562
4 2864 7 2866 ·
0 2795 31 2858 ‘qu
0 2747 25 2789 ⁴5¹
0 2615 29 2742 nst-*Eae
0 2591 17 2610 ἢ·
17 2574 20 2579 .
21 2564 23 2566 ,
12 2531 15 2535 Δ

0 975 11 996 13>
0 931 13 970 ,m
0 917 2 923 ν
0 662 18 911 *hynwaeff--gv
0 634 5 654 ὴ-
0 567 10 623 »τι

17 765 27 777 ⁴
16 741 19 749 -
24 642 25 645 Α
21 616 23 618 .

417 203 743 242 PARTtTro
788 202 1186 243 TITVLORVM
1236 210 1279 244 V.
1304 213 1334 246 Ι.

83 269 240 323 persone,
255 271 290 305 &
305 266 379 305 ideo
390 270 535 319 quaedatn
555 270 595 307 ad
620 270 755 308 haeredes
779 271 877 308 trans-

83 327 268 361 mittuntur,
279 330 350 367 quae
363 321 457 357 caufae
468 319 551 358 sunt:
566 334 635 371 quae
647 321 783 371 personae
793 321 875 367 sunt,

83 373 124 410 ad
135 368 270 408 haeredes
282 383 348 406 non
359 370 527 408 transeunt·

177 426 239 458 Lex
255 430 310 464 ¹9¹
317 447 325 455 .
342 420 440 470 Celsus
448 423 585 459 1ib.xxx1
593 431 623 455 11
632 448 641 457 .
655 420 768 468 Digest.

129 471 278 508 Neratius
315 471 473 518 consultus
485 498 496 518 ‚
509 474 564 507 An
574 472 663 520 quod
685 470 876 508 beneficium

78 519 187 562 darese
217 517 302 569 quali
324 522 446 558 viuenti
466 520 569 558 Caesar
583 520 789 571 rescripserat,
811 522 872 556 iam

34 596 36 599 -
80 566 233 610 defuneto
264 569 379 608 dedisse
410 571 875 621 existimaretur.·Kespondit,

81 635 147 660 non
160 620 260 660 videri
270 617 327 656 fibi
339 623 509 671 principem
518 648 529 668 ,
542 622 631 670 quod
644 623 685 668 ei,
705 634 799 671 quem
821 623 872 658 vi-

82 685 154 710 uere
165 670 361 709 existimabat
372 698 383 716 ,
391 669 575 709 conceffiffet
587 698 598 718 ‚
609 670 761 710 defuneto
790 684 873 707 con-

81 722 201 760 ceffiffe:
213 734 307 769 quem
322 734 427 759 tamen
438 722 573 759 modum
590 721 645 759 esse
670 720 813 770 beneficij
826 721 872 757 sui

82 771 176 809 vellet
184 771 274 820 ipsius
286 772 521 809 aestimationem
532 770 599 808 esle.

173 829 233 857 Lex
243 823 300 858 68.
311 824 417 858 Paulus
426 823 474 857 lib.
475 820 553 869 fing.
559 824 591 857 de
599 823 674 856 dotis
688 830 780 867 repet.

130 875 170 909 ln
194 871 346 913 omnibus
356 869 451 908 causis
473 871 507 907 id
526 870 706 908 obseruatur
718 897 729 916 ,
756 883 791 908 vt
814 869 871 907 vbi

81 920 216 970 personoe
239 921 383 959 conditio
409 920 516 958 locum
541 920 613 958 facit
635 920 789 962 beneficio
802 948 813 967 ,
826 921 871 956 ibi

81 971 249 1009 deficiente
258 970 306 1015 ea,
319 961 507 1008 beneficium
521 984 649 1022 quoque
658 970 783 1007 deficiat
797 987 805 1007 :
817 972 871 1009 vbi

80 1022 159 1062 vero
169 1035 265 1071 genus
275 1023 408 1059 aetionis
424 1022 455 1057 id
468 1020 629 1063 desiderat,
645 1021 690 1056 ibi
712 1022 748 1057 ad
758 1035 872 1072 quem·

80 1074 129 1110 uis
152 1071 324 1121 persecutio
335 1074 400 1109 eius
412 1072 588 1117 deuentrit,
599 1085 664 1108 non
678 1070 806 1108 deficiat
825 1085 876 1108 ra-

86 1126 136 1160 tio
149 1121 268 1168 auxilii.
570 1136 571 1139 ¹

199 1179 256 1207 Lex
276 1172 489 1217 140-leianu6
503 1171 673 1208 zib.tv1.ad
686 1171 824 1215 Ειζὶῑὲιιηι.

131 1221 281 1258 Absentia
291 1222 370 1260 eius.
384 1224 439 1268 qui
454 1220 650 1267 Reipublicae
663 1219 748 1263 causa
771 1220 854 1257 abest
863 1247 875 1266 ‚

81 1285 182 1322 neque
196 1269 397 1318 ei,nequeali1
409 1270 555 1306 damnosa
565 1269 620 1306 esse
629 1270 733 1306 debet.

164 1329 224 1356 Lex
234 1326 292 1365 69.
307 1321 457 1355 Pauluslib
468 1320 545 1367 fing.
557 1326 601 1354 De
611 1319 755 1367 adfignat.
773 1319 870 1356 libert.

127 1374 243 1408 Inuito
257 1368 446 1406 beneficium
458 1382 522 1404 non
534 1370 636 1405 datur.

189 1428 249 1455 Lex
266 1432 278 1454 1
289 1420 487 1464 99.leianus
499 1420 553 1457 tib.
565 1430 641 1455 Lxx,
653 1419 691 1454 ad
703 1419 793 1454 edict.

125 1470 232 1511 Quod
242 1470 354 1517 cuique
365 1469 533 1517 praestatur,
545 1470 652 1516 inuito
672 1482 738 1505 non
752 1467 868 1504 tribui-

73 1529 147 1557 tur.

194 1591 267 1642 Ex
294 1591 405 1661 Reg.
424 1591 537 1642 Iuris
550 1590 737 1641 Canon.

415 1693 461 1720 Ga
485 1712 493 1720 .
512 1698 542 1722 Ι.

125 1733 320 1771 Beneficium
341 1695 574 1771 ecclesialiicum
596 1748 660 1770 non
674 1737 776 1782 potest
800 1738 873 1773 lici-

74 1782 107 1821 τὲ
122 1783 183 1821 sine
192 1785 390 1822 institutione
402 1786 548 1821 canonica
559 1786 711 1823 obtineri.

404 1856 478 1894 Cap.
491 1863 525 1895 7.

127 1921 330 1970 Priuilegium
345 1919 507 1973 personale
524 1900 688 1970 personam
709 1921 849 1972 sequitur
859 1946 871 1967 ‚

28 1982 32 1994 ⁷
76 1974 110 2008 δι
119 1975 316 2021 extinguitur
323 1984 396 2008 cum
412 1970 554 2019 persona.e

383 2053 429 2081 Cae
451 2071 458 2078 .
476 2049 534 2082 16.

129 2094 235 2132 Debet
247 2054 453 2131 concessumgi
467 2095 606 2142 Principe
618 2090 809 2130 beneficium
829 2093 876 2131 es-

75 2142 108 2181 se
119 2144 308 2182 mansurum.

381 2203 456 2241 Cap.
475 2207 528 2237 17.

131 2240 296 2281 Indultum
307 2244 326 2281 ἃ
339 2248 410 2282 Iure
422 2241 621 2286 beneficium,
632 2253 698 2278 non
710 2239 755 2277 est
775 2239 868 2278 alicui

46 2311 48 2315 ‘
78 2292 296 2332 auferendum.

415 2349 459 2377 Ca
482 2369 489 2377 .
504 2351 559 2388 54.

120 2392 188 2439 Qui
204 2391 289 2441 prior
299 2391 342 2428 est
352 2392 386 2427 in
396 2352 548 2440 tempore,
557 2392 665 2439 potior
674 2389 716 2426 est
731 2391 763 2426 in
785 2395 869 2428 Iure.

403 2449 447 2477 Ca
470 2468 480 2477 .
492 2446 550 2477 61.

128 2468 231 2536 ngd
241 2490 286 2526 ob
305 2491 437 2538 gratiam
447 2451 556 2527 palieui
579 2488 768 2526 conceditur
781 2515 791 2532 ,
806 2502 872 2526 non

77 2539 121 2578 est
133 2542 167 2577 in
175 2542 241 2577 eius
254 2539 455 2588 dispendium
465 2540 728 2589 retorquendum.

84 2589 85 2597 ’
268 2641 274 2646 .
321 2640 326 2646 .
394 2598 544 2637 Cap-⁷⁴·
615 2640 620 2646 .
765 2606 786 2643 ·.

123 2639 222 2688 Qod
236 2637 327 2674 alicui
343 2639 478 2688 gratiose
490 2638 689 2680 conceditur,
711 2635 788 2673 trahi
808 2649 875 2672 non

80 2689 176 2727 debet
186 2689 225 2726 ab
235 2688 301 2725 aliis
313 2693 347 2727 in
358 2690 550 2738 exemplum.

418 2746 492 2785 Cap.
507 2741 565 2786 78.

123 2794 163 2826 In
172 2799 390 2838 argumentum
406 2789 484 2824 trahi
509 2795 668 2836 nequeunt
681 2795 772 2868 ‚30ae
799 2794 874 2830 pro-

83 2849 150 2889 pter
161 2839 364 2876 neceslitatem
378 2839 510 2887 aliquam
521 2837 591 2875 sunt
601 2846 696 2874 conce
719 2846 747 2871 a·

417 2896 490 2934 Cap.
509 2890 567 2926 28.

119 2940 210 2983 [Quae
222 2938 239 2973 ἂ
252 2941 322 2974 Iure
334 2951 398 2974 non
407 2937 586 2974 exorbitant
601 2959 612 2980 ,
621 2943 816 2985 nequaquam
835 2929 873 2966 ad

22 2979 41 3022 i*
84 2987 335 3037 consequentiam
347 2988 416 3025 sunt
426 2986 582 3024 trahenda·

61 3066 63 3070 ⁴
86 3062 158 3113 Ex
190 3060 288 3113 Tit.
302 3061 417 3112 Iuris
430 3055 616 3110 Canon.
644 3056 722 3108 De
751 3056 875 3108 verb.

360 3129 597 3201 fignificat.

250 3233 339 3270 capa
348 3227 384 3260 6.
400 3226 581 3260 Innocentius
593 3221 703 3257 tertius.

121 3270 216 3312 Olim
229 3276 287 3314 tibi
297 3271 432 3323 scripsisse
452 3272 642 3318 recolimus,
662 3282 699 3307 vt
719 3267 743 3306 si
761 3273 873 3309 Cano·

925 273 989 308 nici
1004 274 1140 312 Paduani
1160 276 1318 325 Magistro
1328 282 1371 315 C.
1384 281 1553 318 Canonico
1570 283 1723 323 paduano

922 322 1119 371 praebendam
1130 350 1141 369 ‚
1161 338 1224 375 quc(²
1233 326 1356 365 tantfim
1367 329 1572 369 residentibus
1579 334 1619 370 de
1629 347 1721 373 com-

923 375 1015 410 muni
1040 375 1205 414 confertur
1217 376 1312 422 ‚ficut
1323 382 1376 415 vni
1386 394 1425 416 ex
1436 383 1504 418 aliis
1517 384 1557 420 de
1568 397 1720 424 commu.

924 423 1019 459 nibus
1040 425 1248 474 prouentibus
1259 432 1293 462 &
1308 429 1460 467 manualia
1487 433 1639 471 beneficia
1651 449 1717 474 non

923 471 1101 512 conferrent
1114 502 1125 521 ,
1137 488 1173 513 tu
1187 490 1241 512 eos
1257 478 1342 514 adid
1364 481 1570 528 appellatione
1585 484 1716 524 ceffinte

933 525 1121 574 compellere
1148 539 1338 575 procurares,
1366 531 1452 570 Quia
1471 533 1549 568 vero
1582 538 1715 584 quidam

925 576 1111 611 mandatum
1131 576 1270 614 nostrum
1291 579 1481 628 interpretari
1505 583 1592 620 aliter
1614 588 1714 635 quam

922 622 1029 661 deceat
1049 625 1256 675 moliuntur(
1267 627 1341 664 cum
1362 631 1512 667 beneficia
1533 636 1716 685 principum.

921 672 981 711 sint
1007 676 1236 726 interpretenda
1273 678 1438 727 largissime
1460 684 1473 726 )
1509 683 1648 720 nostrum
1680 701 1715 722 a-

922 726 1105 772 periendum
1138 728 1289 764 duximus
1311 730 1505 769 intelleetum
1527 759 1539 778 ‚
1562 735 1712 773 videlicet

920 775 1008 823 quod
1019 779 1216 824 praebendam
1226 805 1236 821 ,
1245 791 1316 828 quae
1329 779 1453 817 tantum
1462 781 1666 824 residentibus
1677 788 1713 822 in

920 826 1007 863 νὶᾶιι
1021 832 1052 862 δι
1078 829 1189 865 vestitu
1214 829 1254 865 de
1276 834 1443 867 communi
1462 833 1641 881 confertur,
1656 834 1714 885 ipsi

921 876 1067 924 magistro
1081 880 1126 913 G.
1137 878 1227 926 plene
1247 877 1324 916 sicut
1346 882 1400 917 vni
1409 895 1449 918 ex
1459 884 1528 921 aliis
1552 885 1715 924 residenti-

923 925 979 961 bus
991 927 1186 965 iniunximus
1197 929 1434 969 conferendam.

1192 986 1255 1026 cap
1262 991 1287 1016 ,ι
1296 983 1327 1017 8.
1338 981 1425 1018 idem.

973 1022 1063 1080 §um
1077 1024 1136 1062 tibi
1156 1026 1196 1064 de
1207 1030 1396 1079 benignitate
1408 1030 1496 1069 Sedis
1517 1034 1714 1084 Apostolicae

922 1070 958 1109 sit
970 1075 1130 1112 indultum
1142 1103 1154 1120 ‚
1164 1079 1255 1127 quod
1278 1081 1441 1119 ordinatio
1452 1096 1553 1120 rerum
1565 1085 1716 1123 clerico-

922 1135 992 1179 rum
1004 1125 1043 1161 ab
1064 1127 1209 1166 intestato
1232 1130 1498 1168 decedentiumin
1509 1146 1562 1170 tua
1581 1135 1717 1184 dispoli-

921 1185 1010 1210 tione
1020 1188 1197 1224 permaneat
1208 1204 1220 1223 ‚
1230 1193 1288 1217 nos
1299 1180 1456 1219 consulere
1469 1185 1650 1229 voluisti,an
1660 1201 1716 1236 ap-

920 1222 1047 1272 pellatio
1072 1227 1218 1264 vocabuli
1242 1230 1441 1269 clericorum
1455 1244 1521 1270 tarn
1545 1235 1586 1271 ad
1598 1239 1714 1272 Cano-

921 1276 1011 1329 nicos
1024 1276 1121 1324 quam
1131 1277 1170 1314 ad
1184 1292 1249 1316 non
1272 1283 1440 1320 canonicos
1460 1285 1647 1322 extendatur
1656 1313 1666 1328 ,
1679 1292 1715 1323 δε

919 1321 977 1360 lnf.
998 1324 1234 1364 Consultationi
1255 1343 1317 1366 tuae
1339 1332 1445 1368 taliter
1460 1332 1683 1383 respondemus
1699 1362 1711 1377 ,

920 1373 1011 1422 quod
1031 1375 1196 1424 appellatio
1221 1378 1406 1417 clericorum
1419 1396 1484 1418 non
1506 1383 1609 1422 solum
1627 1384 1720 1432 alios,

920 1424 971 1467 sed
983 1425 1078 1462 etiam
1091 1427 1276 1466 canonicos
1286 1432 1539 1478 comprehendit.

1218 1486 1291 1527 Cap.
1298 1493 1315 1515 2
1324 1496 1336 1519 1
1343 1509 1351 1518 .
1363 1483 1451 1519 Idem.

975 1523 1066 1567 Quid
1080 1535 1133 1572 per
1151 1529 1278 1567 Nouale
1301 1532 1497 1569 vocabulum
1515 1531 1648 1581 intelligi
1659 1531 1719 1569 de·

924 1571 1064 1628 beat‚tua
1084 1573 1257 1615 fraternitas
1291 1580 1454 1631 requfiuit.
1502 1583 1592 1619 Licet
1614 1596 1720 1627 aurem

924 1624 1053 1670 quidam
1065 1625 1204 1664 dixerint
1217 1654 1228 1670 ‚
1239 1631 1326 1678 quod
1342 1631 1467 1668 Nouale
1475 1630 1512 1670 fit
1523 1646 1600 1670 terra
1612 1634 1723 1681 praeci-

922 1672 951 1708 sa
965 1699 976 1718 ,
988 1687 1058 1722 quae
1069 1688 1153 1712 anno
1162 1678 1247 1715 ceffit
1263 1681 1351 1727 ;aliis
1363 1681 1663 1732 asserentibus‚quod
1675 1695 1718 1720 ex

923 1721 996 1759 silua
1008 1750 1019 1769 ‚
1032 1737 1101 1773 quae
1114 1727 1277 1766 arboribus
1297 1733 1459 1781 extirpatis
1470 1759 1482 1778 ,
1491 1733 1529 1768 ad
1541 1733 1662 1770 cultum
1672 1746 1724 1769 re-

922 1773 1057 1829 digitur,
1071 1775 1138 1813 fieri
1150 1778 1262 1815 nouale
1272 1781 1396 1818 dicatur
1407 1810 1419 1829 ,
1438 1795 1571 1831 quarum
1592 1794 1723 1832 Vtraque

923 1828 1139 1872 interpretatio
1165 1842 1208 1865 ex
1229 1831 1376 1868 ciuilibus
1408 1831 1528 1880 legibus
1548 1831 1720 1881 colligitur.

923 1877 994 1910 Nos
1007 1876 1103 1923 igitur
1120 1878 1317 1927 inquisitioni
1328 1895 1389 1919 tuae
1400 1882 1616 1931 resp6demus,
1626 1882 1726 1932 quod

924 1937 992 1960 earn
1017 1927 1173 1964 credimus
1201 1930 1453 1979 praedecessorum
1474 1932 1650 1970 nostrorum
1674 1935 1726 1969 in-

926 1975 1103 2012 tentionem
1115 1977 1200 2016 fuisse
1211 2006 1223 2025 ‚
1242 1980 1315 2017 cum
1327 1983 1387 2032 piis
1398 1979 1475 2018 locis
1497 1983 1727 2032 indulgentiam

922 2026 963 2062 de
974 2026 1142 2064 noualibus
1154 2030 1362 2070 concesserunt
1371 2057 1382 2074 ,
1397 2045 1433 2069 vt
1442 2036 1501 2069 No
1509 2032 1577 2070 uale
1601 2034 1728 2072 intelle·

921 2077 1025 2111 xerint
1035 2090 1144 2125 agrum
1160 2079 1200 2116 de
1213 2094 1302 2118 nouo
1314 2083 1355 2118 ad
1371 2082 1492 2119 cultum
1505 2083 1676 2129 redafium,
1685 2084 1728 2121 de

924 2138 991 2174 quo
1004 2139 1068 2162 non
1081 2141 1168 2166 extat
1182 2134 1333 2168 memoria
1344 2158 1355 2174 ,
1365 2131 1454 2180 quod
1469 2132 1639 2182 aliquando
1658 2133 1728 2170 cul-

924 2188 977 2212 tus
998 2173 1111 2215 fuisset.
1139 2179 1201 2215 Sed
1221 2194 1277 2217 nec
1295 2183 1336 2218 de
1358 2182 1504 2230 quolibet
1528 2183 1635 2220 nouali
1660 2197 1728 2220 cre-

922 2226 1029 2262 dimus
1041 2229 1085 2262 eis
1096 2228 1327 2278 indulgentiam
1338 2229 1405 2268 fore
1414 2232 1594 2270 concessam.
1610 2231 1666 2270 nifi
1681 2233 1724 2270 de

921 2275 978 2311 illo
997 2277 1152 2315 duntaxat
1171 2305 1182 2322 ,
1200 2281 1289 2318 cuius
1311 2281 1467 2318 decimam
1486 2281 1645 2332 religiosus
1665 2295 1727 2332 po·

921 2325 979 2362 test
992 2339 1164 2365 conuentus
1177 2329 1291 2380 absque
1309 2333 1395 2379 graui
1415 2332 1612 2369 detrimento
1628 2345 1725 2381 paro·

916 2375 1025 2412 chialis
1045 2377 1175 2415 ecclefiae
1196 2380 1336 2418 detinere
1347 2379 1421 2417 cnm
1436 2381 1510 2420 talis
1527 2381 1564 2419 sit
1586 2381 1725 2432 saepelo-

919 2428 1120 2465 cusincultus
1136 2456 1146 2472 ,
1167 2428 1284 2480 dequo
1309 2431 1492 2481 parochialis
1514 2431 1635 2469 ecclesia
1651 2446 1721 2469 rm-

916 2491 998 2527 gnos
1009 2480 1142 2528 percipit
1151 2477 1344 2517 decimarum
1356 2483 1476 2518 ratione
1487 2494 1677 2530 prouentus.

1059 2531 1203 2574 capa-in
1216 2531 1251 2569 6.
1267 2533 1446 2566 Innocentius
1457 2540 1589 2578 quartus.

985 2581 1047 2614 Per
1065 2578 1122 2615 illa
1145 2579 1239 2617 verba
1263 2580 1418 2629 priuilegij
1439 2606 1450 2623 ‚
1472 2583 1505 2616 in
1522 2578 1663 2629 speciales
1684 2583 1721 2615 δε

921 2629 1064 2676 proprios
1097 2626 1228 2665 eccicfiae
1253 2630 1410 2676 Romame
1444 2628 1528 2666 filios
1549 2643 1605 2667 vos
1635 2641 1718 2666 rece-

921 2678 1047 2724 pimus,
1068 2676 1173 2714 dieios
1191 2682 1311 2716 Fratres
1331 2691 1493 2727 exemptos
1510 2693 1576 2716 non
1598 2678 1720 2716 intelli-

918 2727 951 2773 gi
970 2732 1024 2774 3&
1037 2725 1116 2776 ipsos
1127 2741 1167 2765 cx
1189 2728 1246 2765 illo
1257 2731 1290 2765 in
1307 2732 1448 2778 proprios
1460 2729 1598 2766 eiusdem
1616 2729 1718 2765 eccle-

920 2774 969 2811 fiae
981 2776 1064 2814 filios
1077 2775 1162 2814 fuiffi:
1173 2791 1333 2828 receptos,
1345 2779 1433 2828 quod
1454 2780 1492 2816 ab
1507 2778 1678 2829 ali0,quam
1692 2778 1716 2814 Ξ.

920 2828 1075 2864 Romano
1099 2828 1253 2865 pontifice
1278 2829 1327 2866 vel
1343 2833 1465 2878 Legato
1475 2829 1515 2867 ab
1537 2831 1602 2865 eius
1622 2827 1714 2864 latere

921 2875 1074 2914 destinato
1093 2877 1237 2914 interdici
1251 2878 1302 2914 vel
1315 2880 1577 2916 excommunicari
1588 2879 1607 2915 ἂ
1628 2891 1714 2926 quo-

919 2937 1015 2973 quam
1030 2939 1095 2963 non
1107 2926 1226 2964 valeant
1241 2953 1252 2970 ‚
1276 2929 1477 2968 declaramus.
1490 2927 1587 2966 Illum
1603 2927 1712 2965 locum

919 2972 1076 3014 destitum
1086 2979 1119 3013 in
1148 2978 1307 3026 praemissis
1332 2978 1537 3026 intelligimus
1550 3004 1562 3023 ,
1579 2980 1713 3028 quinon

922 3025 1080 3062 habitatus
1100 3027 1226 3076 penitus
1237 3038 1338 3075 neque
1355 3027 1458 3066 cultus
1478 3027 1714 3070 fuerit,velv1'-

920 3087 966 3113 tta
990 3079 1176 3114 memoriam
1194 3075 1360 3113 hominum
1382 3103 1394 3122 ,
1418 3075 1586 3116 secundum
1606 3076 1713 3115 indul-

921 3127 1060 3174 gentiam
1082 3126 1171 3171 Lucij
1191 3125 1234 3162 est
1243 3125 1300 3163 sub
1319 3129 1539 3166 Saracenorum
1561 3128 1715 3178 petestate

920 3175 1078 3218 detentus.

1066 3222 1253 3274 cap.4.idem
1263 3223 1425 3272 Bonifatius
1438 3225 1564 3261 ostanus.

970 3277 1174 3328 Priuilegium
1185 3273 1373 3312 monasterio
1399 3287 1458 3313 tuo
1468 3270 1639 3312 eonceffiim
1651 3295 1663 3314 ›
1675 3283 1712 3308 vt

1602 3334 1713 3359 mona·
