2052 3562
296 215 313 249 3
324 211 373 248 24

299 284 406 309 tamen
416 270 555 320 pluribus
566 266 684 303 fastum
703 266 808 303 videri
827 266 951 316 potest,
975 263 1100 301 ,vsuario

295 320 414 358 scilicet
420 319 560 369 ¹respectu
571 314 641 354 vsus
652 320 664 353 ζ
675 316 828 353 creditori
836 315 972 365 respectu
982 316 1099 364 pigno-

297 373 339 407 ris
351 386 360 407 :
378 376 409 407 &
418 368 557 405 debitori
574 377 735 413 tamquam
744 365 880 403 domino
890 366 955 407 rei,
970 377 1099 399 eorum-

298 420 364 470 ‹jue
375 420 518 454 omnium
529 416 689 463 separatim
698 416 822 452 interest
834 441 845 460 ‚
861 420 892 450 &
903 415 996 450 vnius
1009 412 1101 449 dam-

301 482 379 504 num
392 468 431 503 ab
440 467 503 502 alio
515 466 698 502 distinctum
710 465 754 501 est
764 490 776 509 ‚
802 476 838 500 vt
855 466 970 500 mirum
981 476 1047 499 non
1056 461 1104 505 fit,

300 516 325 553 fi
344 518 427 552 aeuo
450 514 527 553 furti
550 529 603 564 per
623 527 723 551 vnum
742 514 882 551 instituta
894 538 906 557 ‚
933 511 1019 548 alteri
1036 525 1103 548 non

305 565 490 616 praeiudicet
506 591 515 606 ‚
529 566 561 600 δι
574 563 624 600 fur
635 565 691 612 qui
703 562 842 612 pluribus
857 563 986 607 nocuit,
1004 560 1103 608 pluri-

303 616 362 651 bus
380 614 559 651 aetionibus
577 624 719 650 teneatur
734 634 744 661 ;
769 623 863 661 atque
883 612 979 647 acrius
993 611 1102 658 punia-

301 678 366 701 tur.
382 665 436 699 Sic
447 666 543 701 etiam
555 663 620 700 dici
631 661 709 705 solet
717 688 727 704 ‚
740 662 830 710 quod
842 661 971 708 quando
982 672 1021 695 ex
1036 672 1103 694 vno

298 713 383 750 fano
393 713 480 762 plura
489 714 619 749 crimina
639 710 803 748 nascuntur
815 726 822 744 =
835 723 874 745 ex
886 708 1033 745 omnibus
1045 710 1101 757 qui

301 762 452 811 deliquit,
466 764 595 811 punitur
610 787 619 801 ,
640 764 659 797 l.
667 761 694 807 fi
703 762 945 796 adulteriumcum
956 757 1058 804 incestu
1064 756 1101 803 ff.

296 814 333 847 de
342 814 434 848 adult.
461 810 649 860 Eodemque
659 811 793 858 pertinet
805 809 840 843 id
855 807 945 856 quod
960 806 1000 841 de
1011 805 1100 841 seruo

297 860 448 910 surrepto,
461 859 615 908 flagellato
625 865 655 894 &
669 856 776 893 occiso
788 883 799 901 ‚
813 857 935 892 dietum
948 855 1004 890 est.
1020 859 1100 891 Sunt

299 913 385 948 enim
397 912 430 944 in
445 909 507 944 hoc
520 907 604 945 fasto
616 907 700 955 plura
716 911 748 942 &
762 905 892 953 separata
906 904 1099 948 deli&2,fur-

295 961 322 996 ti
335 962 494 999 nimirum,
507 958 640 1001 iniuriae‚
650 961 682 991 ὃς
693 955 822 999 damni,
838 968 908 1003 quae
922 953 951 988 se
962 955 1098 989 inuicem

298 1009 536 1055 compatiuntur
544 1032 554 1048 ‚
566 1011 596 1041 δε
607 1007 699 1041 vuius
709 1005 833 1040 exactio
844 1003 931 1039 alteri
943 1016 1008 1038 non
1020 1016 1098 1050 prae-

298 1058 357 1094 stat
370 1058 590 1104 impunitatem
601 1081 611 1099 ,
633 1056 683 1091 ἀλ.
695 1065 839 1098 nunquam
849 1056 943 1099 plura.
955 1056 983 1087 in
992 1055 1097 1099 princi.

296 1111 370 1155 quia
384 1105 553 1142 absurdum
564 1103 633 1139 esset
645 1129 656 1148 ,
682 1100 838 1138 cumulata
858 1102 1007 1142 crimina,
1030 1113 1100 1149 quae

298 1155 487 1192 cumulatam
503 1165 628 1201 poenam
653 1150 783 1200 poscunt
797 1177 807 1192 ,
831 1150 1011 1198 mitigandae
1027 1163 1098 1198 poe-

296 1207 438 1242 nitentiae
454 1201 650 1239 occasionem
673 1201 818 1249 praebere.
845 1199 987 1247 Ideoque
1009 1197 1101 1246 quod

297 1255 463 1298 dicitnr‚in
480 1250 727 1288 accusationibus
737 1250 903 1286 criminum
919 1249 1020 1294 plures
1035 1261 1102 1284 non

298 1299 676 1349 admitti,lfiplures.ff.de
684 1298 809 1345 accusat.
818 1301 861 1334 ita
874 1310 982 1335 verum
996 1296 1103 1338 est,ni-

298 1352 320 1389 fi
335 1352 471 1402 plurium
483 1349 602 1386 interfit
614 1365 621 1382 :
635 1353 656 1385 t.
667 1351 732 1395 3.§.
738 1348 765 1393 fi
774 1349 811 1382 ad
818 1351 911 1393 plures
923 1346 954 1393 ff.
962 1348 995 1381 de
1004 1345 1099 1393 sepul-

294 1404 364 1437 chro
374 1401 637 1438 violat.Caeterum
647 1410 753 1434 vti-um
764 1395 900 1446 quilibet
914 1398 947 1431 in
961 1394 1100 1430 solidum

293 1464 386 1500 agere
398 1449 449 1486 seu
461 1446 597 1485 accusare
606 1446 711 1495 poffit,
725 1457 761 1482 vt
771 1458 866 1493 poena
875 1456 945 1492 quae
966 1444 1101 1480 reiterari

296 1500 400 1550 potest
412 1526 423 1545 ,
437 1495 582 1534 inferatur
600 1498 634 1532 in
648 1494 784 1531 solidum
799 1508 837 1529 ex
859 1492 987 1542 persona
996 1491 1103 1529 vnius-

296 1546 446 1596 cuiusque
459 1562 467 1583 :
483 1545 544 1583 late
553 1544 691 1595 disputat
702 1542 824 1582 Bartol.
834 1545 874 1579 ib.
887 1556 917 1579 n.
928 1557 937 1579 1
947 1542 1032 1579 ,tand
1038 1555 1103 1583 ern-

294 1598 359 1648 que
366 1596 492 1633 resoluit
502 1621 513 1640 ‚
539 1594 628 1644 quod
643 1592 772 1642 quando
788 1591 937 1628 delictum
952 1593 1103 1627 commit-

296 1650 377 1684 titur
391 1643 598 1695 principaliter
612 1644 644 1678 in
665 1644 809 1677 iniuriam
819 1641 996 1689 aliquorum
1008 1666 1018 1684 ,
1031 1642 1104 1689 qui-

299 1697 359 1732 bus
372 1693 505 1732 infertur
517 1719 528 1737 ‚
538 1705 614 1730 tunc
628 1690 762 1740 quilibet
776 1689 869 1726 habet
882 1691 1037 1726 actionem
1051 1701 1104 1737 per

296 1744 370 1780 sein
379 1743 518 1779 solidum
538 1759 547 1778 ι
561 1740 733 1788 d.l.1.fi.ff.
749 1741 781 1774 de
793 1742 914 1774 iniuriis.
926 1738 978 1775 sed
991 1738 1010 1772 fi
1025 1737 1105 1772 dcli-

261 1833 263 1836 Α
297 1795 386 1829 &um
397 1792 610 1829 committitur
621 1787 832 1838 principaliter
846 1789 924 1826 circa
936 1800 982 1823 res
994 1813 1005 1832 ‚
1024 1798 1100 1823 tunc

296 1855 409 1878 omnes
419 1853 556 1888 quorum
570 1838 696 1875 interest
714 1864 722 1879 ,
745 1836 979 1873 habentui-loco
996 1838 1101 1878 vnius‚

293 1892 336 1928 de
347 1904 413 1939 quo
424 1890 511 1939 plura
521 1889 615 1924 etiam
626 1887 791 1923 obseruant
807 1885 900 1921 salic.
917 1887 955 1920 ad
966 1888 988 1920 l.
1000 1889 1049 1930 qui
1053 1884 1102 1932 se-

290 1939 595 1987 pul.c.desepul.viol.
616 1936 710 1973 Barb.
723 1937 761 1970 ad
772 1947 864 1971 mum
867 1934 907 1981 fit
916 1935 948 1969 de
956 1933 1021 1981 foro
1030 1946 1101 1971 com.

297 1995 331 2026 &
344 1989 443 2026 Felin.
453 1989 490 2023 aa
499 1989 558 2023 mle
568 1987 657 2021 hade
667 1985 761 2032 accus.
770 1996 850 2029 quos
861 1983 947 2020 vide.
967 1982 1069 2022 Quod
1080 1980 1102 2017 fi

295 2038 424 2087 aequalis
435 2049 529 2086 poena
542 2034 667 2083 lingulis
676 2034 725 2068 his
738 2033 861 2069 delictis
869 2032 1040 2068 constituta
1048 2031 1103 2076 est,

294 2090 391 2124 etiam
404 2084 541 2133 capitalis
555 2098 564 2119 ε
579 2097 689 2132 magna
698 2095 802 2119 tamen
813 2081 934 2118 vtilitas
947 2081 990 2116 est
1001 2105 1010 2122 ,
1028 2093 1101 2116 eum

294 2136 460 2172 hominem
470 2135 526 2184 qui
535 2132 628 2168 semel
637 2131 765 2169 tantum
776 2131 942 2179 decapitari
950 2128 1051 2178 potest
1059 2154 1068 2171 ‚
1081 2129 1100 2163 ὲ

294 2185 437 2233 pluribus
451 2188 481 2219 δι
495 2181 607 2229 saepius
618 2179 745 2217 accusari
759 2180 840 2226 poffe
854 2180 948 2226 :quia
958 2176 980 2213 si
996 2176 1100 2225 sequi-

295 2247 347 2272 tur
358 2233 510 2272 sententia
520 2230 711 2268 absolutoria
725 2229 755 2263 su
761 2241 814 2276 per
826 2242 895 2264 vno
905 2254 914 2270 ,
932 2225 1034 2275 potest
1044 2226 1102 2261 ad-

295 2283 362 2319 huc
371 2284 412 2318 de
422 2282 486 2319 alio
502 2282 632 2316 crimine
645 2278 788 2322 accusari,
796 2280 872 2323 Lqui
883 2279 915 2312 de
923 2279 1050 2313 crimine.
1062 2284 1099 2311 C.

294 2334 329 2367 de
339 2331 588 2379 accusat.13art.ad
597 2328 679 2375 d.l.fi
692 2323 986 2363 aduiterium.porro
997 2335 1102 2360 autem

295 2380 386 2427 quod
397 2380 494 2415 tertio
504 2378 579 2413 loco
588 2377 628 2412 de
637 2377 785 2424 legatario
796 2370 1101 2422 proponitui·,equis-

295 2428 371 2466 {ima
384 2429 504 2464 ratione
524 2427 614 2473 reijci
627 2425 738 2473 potest.
766 2425 796 2459 Is
811 2425 896 2458 enim
910 2425 964 2471 qui
982 2422 1101 2459 tabulas

294 2478 471 2515 testamenti
481 2474 631 2511 exhibere
645 2471 759 2509 recusat
772 2497 782 2513 ,
807 2472 847 2506 ad
858 2471 892 2507 id
900 2471 990 2520 quod
1002 2472 1100 2507 inter-

293 2527 342 2563 est
360 2554 370 2571 ‚
402 2525 642 2561 condemnatur.
665 2520 794 2558 Haeredi
807 2520 937 2569 quidem
948 2519 1063 2567 scripto
1077 2520 1098 2555 fi

294 2590 363 2614 non
376 2575 416 2611 fit
424 2573 585 2612 exhibitio
594 2599 604 2614 ‚
619 2570 695 2608 faena
705 2571 912 2606 aestimatione
921 2570 1027 2610 totius*
1036 2569 1102 2605 hae-

294 2625 459 2666 reditatis,
483 2622 633 2671 legatario
653 2632 757 2657 autem
776 2617 798 2653 fi
816 2631 882 2653 non
896 2616 1100 2660 exhibentur,

294 2674 335 2710 ad
349 2676 488 2723 legatum
509 2670 603 2709 relata
621 2669 839 2705 aestimatione.
867 2666 964 2703 Vnde
977 2666 1051 2703 cum
1064 2667 1100 2702 id

292 2724 386 2772 quod
400 2722 535 2764 interest,
546 2719 608 2756 hoc
618 2718 721 2761 'estrei
731 2717 836 2766 legatae
848 2716 1100 2759 aestimationem,

292 2770 478 2810 consecutus
487 2771 531 2806 est
540 2768 704 2818 legatarius
714 2794 725 2813 ,
735 2780 802 2802 non
810 2765 940 2815 quidem
950 2764 991 2800 ab
1001 2764 1099 2800 haere-

292 2822 347 2865 de,
355 2820 408 2857 sed
417 2820 455 2856 ab
464 2833 505 2855 eo
513 2819 567 2868 qui
581 2816 698 2853 tabulas
710 2814 858 2854 exhibere
868 2813 972 2850 noluit
986 2839 999 2858 ‚
1010 2814 1100 2852 bono

293 2873 361 2907 iure
377 2869 416 2906 ab
426 2868 540 2905 eodem
552 2865 673 2903 haerede
683 2879 749 2903 rem
759 2864 891 2913 legatam
901 2864 1014 2912 exigit:
1025 2865 1099 2912 quia

294 2917 531 2967 obligationum
553 2915 669 2952 radices
687 2927 731 2951 ex
753 2911 884 2949 diuersis
906 2914 1048 2950 terminis
1065 2915 1098 2948 δε

293 2968 391 3006 caulis
403 2993 416 3012 ‚
440 2979 551 3004 contra
562 2962 702 3001 diuersos
712 2964 859 3001 oriuntur
867 2987 878 3002 ‚
888 2964 1029 3010 Angebat!
1035 2963 1100 3009 (ίῷ.

294 3019 502 3053 condemnatio.
528 3028 589 3052 vna
598 3013 715 3052 scilicet
734 3018 774 3049 ex'
785 3011 972 3048 testamento
989 3011 1101 3048 aduer-

293 3065 343 3102 sus
354 3065 509 3101 haeredem
523 3078 532 3100 ι
545 3063 637 3100 altera
649 3069 693 3099 ex'
702 3061 897 3098 contumacia
911 3071 1019 3096 contra
1032 3073 1100 3096 non

294 3113 500 3150 exhibentem
510 3130 518 3149 :
532 3124 662 3162 quarum
672 3126 733 3149 vna
743 3123 816 3148 cum
826 3109 884 3145 alia
898 3122 962 3144 non
972 3110 1099 3157 partici-

296 3173 349 3212 pat
359 3161 455 3207 zafim
467 3164 507 3198 ibi
518 3176 570 3199 nu.
580 3164 614 3198 8.
631 3166 792 3199 Caeterum
811 3171 916 3195 autem
922 3157 1101 3206 plus'dubi-

295 3211 429 3248 tationis
446 3210 540 3248 habet
552 3209 631 3247 illud
641 3210 732 3260 quod
743 3207 900 3257 delegato
913 3206 1024 3244 tess'erae
1034 3205 1101 3243 fru-

300 3259 459 3297 mentariae
483 3272 523 3296 ex
549 3258 648 3296 Paulo
668 3260 824 3297 diximus.
849 3255 995 3306 Qidam
1015 3256 1103 3293 enim

693 192 896 236 PETRI
950 192 1184 236 PECKII
1238 189 1592 233 COMMENT.

1145 263 1302 310 sentiunt,
1325 264 1417 313 quod
1440 263 1579 300 testatrix
1593 262 1761 313 quae'iuffit
1773 263 1944 302 'thessaram

1146 315 1296 362 legatario
1305 315 1475 362 comparari
1489 339 1498 354 ‚
1529 326 1594 348 non
1615 313 1741 349 videtur
1759 327 1823 350 rem
1834 314 1943 363 legate,

1146 363 1201 400 scd
1215 363 1305 412 ipfius
1314 363 1555 398 aestimationem
1571 383 1581 410 3
1601 367 1632 397 &
1645 362 1719 397 ideo
1736 366 1831 398 etiam
1841 364 1864 400 fi
1876 378 1944 401 rern

1151 412 1246 462 ipsam
1264 412 1374 447 habeat
1395 411 1575 460 legatarius,
1599 413 1681 446 aetio
1705 426 1770 448 non
1786 415 1949 463 extingui-

1152 475 1204 497 tur
1214 488 1224 504 ,
1247 469 1328 497 ioan.
1341 463 1375 495 de
1386 464 1476 496 lmola
1486 461 1523 494 ad
1541 463 1562 497 l.
1571 464 1656 496 Titio.
1673 464 1702 495 in
1713 472 1758 506 pr.
1775 467 1806 497 &
1821 467 1888 499 no'n
1898 463 1946 498 bis

1151 511 1239 547 idem
1251 538 1261 553 ,
1284 510 1337 546 sed
1357 510 1593 545 aestimationem
1613 520 1733 545 tantum
1748 510 1949 561 consequitur

1150 560 1326 609 legatarius.
1341 559 1406 595 Cui
1420 571 1485 592 non
1496 557 1672 593 aduersatur
1685 559 1774 606 quod
1793 560 1864 597 duae
1874 574 1951 597 cau-

1151 608 1189 644 sae
1203 609 1361 645 lucratiuae
1381 607 1429 642 hic
1443 620 1625 642 concurrere
1639 620 1705 642 non
1717 608 1839 654 possunt
1853 613 1947 658 :quia

1150 658 1212 694 hoc
1223 671 1330 694 verum
1343 657 1396 698 est,
1406 657 1485 691 circa
1494 655 1622 691 eandem
1633 654 1766 701 speciem
1776 683 1787 702 ,
1804 657 1856 694 sed
1866 659 1950 695 bene
1999 690 2001 692 .

1150 710 1184 744 in
1195 720 1308 757 genere
1323 705 1373 742 seu
1395 706 1581 753 quantitate.
1606 708 1689 740 Nam
1712 718 1783 740 cum
1803 713 1947 755 genus&

1149 758 1304 805 quantitas
1315 756 1464 804 recipiant
1478 753 1725 803 duplicationem
1736 781 1745 797 ‚
1757 757 1778 792 l.
1790 767 1900 793 mortuo
1915 760 1946 804 ξ.

1153 821 1165 842 1
1174 806 1310 852 ‚ffideleg.
1318 819 1348 842 2.
1361 804 1433 840 licet
1443 804 1512 852 quis
1525 805 1651 850 recipiat
1665 803 1895 853 vnamspeciem
1905 807 1948 843 de

1149 858 1312 891 contentis
1326 853 1381 890 sub
1396 866 1528 900 genere,
1552 852 1653 888 veluti
1674 866 1767 888 vnam
1779 853 1946 891 thess‘aram:

1146 903 1249 939 adhuc
1278 903 1404 938 alterius
1416 902 1653 937 aestimationem
1678 902 1760 939 reete
1782 902 1949 953 consequi-

1147 965 1216 994 tur,
1231 955 1358 999 Raphael
1368 961 1491 988 cuman.
1501 953 1536 990 ά
1546 953 1635 986 imola
1642 953 1680 986 ad
1686 954 1828 989 disum.
1847 958 1949 990 Item-

1148 1002 1209 1051 que
1220 1001 1323 1048 regula
1335 1027 1344 1042 ‚
1357 1001 1446 1049 quod
1458 1000 1528 1034 duae
1540 999 1633 1034 cause
1645 1001 1805 1037 lucratiuae
1815 1015 1948 1040 concur-

1149 1064 1215 1087 rere
1243 1064 1308 1086 non
1322 1050 1446 1097 poss'unt
1458 1075 1468 1090 ‚
1496 1049 1642 1096 loquitur
1664 1049 1704 1085 de
1718 1048 1818 1097 specie
1831 1044 1963 1094 iterato¹

1149 1114 1215 1135 non
1229 1096 1514 1146 consequenda‚sed
1528 1096 1695 1133 aestimatio
1703 1098 1812 1145 speciei
1828 1106 1895 1136 non
1903 1101 1949 1138 est

1147 1148 1272 1196 proprie
1285 1147 1409 1196 species,
1420 1159 1455 1182 vt
1464 1147 1508 1181 ait
1520 1145 1636 1188 Zafius,
1647 1148 1684 1181 ad
1692 1151 1947 1197 l.0n1nes.num.4.

1142 1197 1214 1244 ffide
1226 1200 1322 1240 affl&
1335 1198 1570 1243 ohligJMaemus.
1587 1199 1616 1242 ξ,
1627 1208 1690 1230 eum
1701 1201 1748 1242 qui
1754 1196 1948 1246 ff.deleg.z.†
1969 1205 1991 1240 8
2039 1230 2041 1233 .

1149 1249 1221 1294 quia
1233 1249 1371 1293 precium
1393 1259 1456 1280 non
1467 1244 1607 1281 succedit
1619 1242 1696 1279 loco
1717 1248 1760 1280 rei
1771 1248 1803 1282 in
1814 1250 1951 1293 partica*-

1149 1295 1284 1340 laribus‚
1313 1297 1392 1330 &sic
1409 1307 1472 1329 non
1495 1294 1585 1329 dicor
1608 1293 1790 1331 consecutus
1803 1295 1952 1344 speciem,

1150 1345 1279 1394 qnando
1289 1343 1354 1379 sum
1366 1343 1550 1380 consecutus
1564 1341 1813 1382 aestimationem.
1837 1349 1952 1395 Itaque

1152 1397 1268 1429 mirum
1281 1393 1419 1436 nonest,
1443 1392 1531 1440 quod
1543 1392 1654 1427 eadem
1663 1394 1821 1439 quantitas
1843 1395 1895 1432 vel
1904 1409 1953 1433 res

1150 1444 1198 1479 bis
1218 1448 1250 1478 &
1275 1442 1414 1477 duorum
1435 1440 1625 1476 testamentis
1646 1441 1741 1489 legari
1760 1443 1883 1491 potest,
1915 1449 1952 1481 &

1149 1492 1240 1541 quod
1264 1491 1375 1528 eadem
1397 1492 1555 1538 quantitas
1584 1488 1632 1524 seu
1644 1490 1784 1526 eiusdem
1802 1505 1846 1528 rei
1871 1494 1955 1530 aesti-

1150 1543 1250 1577 matio
1261 1539 1353 1576 semel
1376 1539 1416 1575 ab
1426 1552 1492 1574 vno
1512 1550 1679 1586 piaecCPta,
1712 1541 1827 1576 iterum
1836 1541 1876 1577 ab
1886 1541 1953 1579 alio

1149 1591 1233 1638 exigi
1244 1590 1366 1638 potest:
1384 1589 1455 1637 quia
1468 1586 1582 1635 species
1594 1592 1625 1623 &
1641 1601 1686 1623 res
1696 1587 1774 1636 saepe
1784 1589 1823 1625 ab
1832 1591 1953 1628 eodem

1152 1640 1297 1675 testatore
1313 1638 1410 1685 legata
1425 1663 1436 1679 ,
1461 1637 1554 1673 semel
1566 1636 1692 1672 tantum
1706 1638 1842 1674 debetur
1857 1665 1870 1684 ‚
1896 1643 1950 1679 dd,

1151 1701 1213 1725 cum
1225 1687 1343 1734 quaestio.
1368 1685 1443 1720 ideo
1458 1686 1546 1732 quod
1560 1698 1690 1732 corpora
1716 1700 1782 1722 non
1795 1689 1957 1739 multipli-

1152 1749 1271 1781 cantur,
1282 1737 1409 1782 Raphael
1420 1737 1457 1770 ad
1467 1737 1519 1772 (Η.
1531 1738 1685 1782 Maeuiws.§.
1703 1737 1956 1788 duorun1.nun1.5.
2012 1770 2019 1774 ,

1151 1784 1291 1835 soletque
1317 1783 1488 1832 aliquando
1511 1784 1640 1820 testator
1668 1785 1798 1820 eandem
1821 1800 1887 1823 rem
1913 1803 1955 1827 ex

1151 1834 1317 1870 obliuione
1328 1844 1465 1882 repetere
1473 1859 1483 1876 ‚
1508 1832 1680 1883 saepiusque
1691 1832 1730 1868 de
1740 1834 1850 1871 eadem
1862 1835 1955 1874 relo-

1151 1886 1206 1931 qui
1218 1910 1229 1928 ‚
1253 1887 1284 1918 &
1301 1893 1407 1919 tamen
1419 1883 1533 1918 iterato
1543 1883 1584 1917 de
1596 1895 1629 1917 ea
1639 1895 1706 1918 non
1725 1882 1893 1930 disponere
1900 1897 1956 1923 aut

1155 1946 1222 1969 earn
1237 1931 1335 1980 legare
1346 1958 1356 1973 ,
1388 1930 1440 1968 sed
1450 1943 1510 1967 vna
1521 1930 1645 1967 tanturn
1667 1931 1770 1969 tendit
1780 1933 1820 1968 ad
1829 1933 1957 1973 alterius

1152 1983 1386 2019 executionem.
1408 1980 1480 2026 Zas.
1492 1982 1561 2018 adl.
1577 1979 1673 2026 plane.
1687 1984 1716 2028 ξ.
1727 1981 1754 2026 fi
1761 1982 1856 2019 eadem
1867 1993 1912 2020 res
1921 1997 1955 2022 n.

1152 2030 1219 2078 6.ff.
1225 2033 1351 2077 deleg.2.
1363 2027 1436 2064 lm&
1448 2029 1469 2064 li
1481 2028 1619 2077 expresse
1635 2027 1730 2065 vellet
1741 2030 1868 2068 testator
1877 2046 1957 2071 ean-

1150 2080 1224 2116 dern
1237 2079 1370 2126 speciem
1382 2077 1430 2113 bis
1440 2078 1571 2124 praestari
1583 2103 1594 2120 ,
1621 2092 1688 2114 non
1698 2079 1794 2126 posset
1808 2078 1955 2129 :quiaest

1151 2126 1340 2176 impossibile
1361 2126 1451 2174 quod
1475 2140 1537 2163 vna
1560 2126 1731 2177 eademque
1741 2141 1787 2163 res
1814 2129 1861 2166 bis
1873 2142 1954 2178 prae-

1151 2176 1248 2213 stetur
1257 2176 1361 2212 eidem
1379 2189 1389 2210 =
1415 2179 1447 2210 &
1458 2177 1531 2223 quia
1541 2174 1700 2212 manifeste
1712 2178 1831 2214 constat
1839 2179 1880 2216 de
1889 2193 1954 2216 vo-

1150 2225 1271 2262 luntate
1280 2225 1447 2269 testatoris,
1458 2223 1598 2260 volentis
1608 2237 1670 2259 rem
1681 2226 1810 2275 praestari
1824 2239 1845 2272 ,'
1868 2228 1955 2264 aesti·

1150 2276 1250 2310 matio
1261 2275 1324 2323 peti
1335 2286 1401 2310 non
1410 2272 1513 2320 potest
1547 2287 1557 2308 .·
1581 2274 1655 2321 quia
1664 2286 1719 2321 per
1738 2275 1953 2320 prouilionem

1148 2322 1287 2359 hominis
1298 2322 1385 2359 cessat
1397 2320 1536 2369 prouilio
1546 2320 1623 2370 legis
1638 2348 1647 2363 ‚
1659 2324 1871 2371 l,fi.c.depast.
1884 2339 1951 2362 con-

1150 2383 1227 2408 uem.
1251 2376 1297 2409 At
1308 2370 1381 2408 cum
1393 2373 1426 2408 in
1437 2370 1573 2407 duorum
1584 2371 1774 2410 testamentis
1784 2365 1951 2411 eademi-es

1146 2420 1247 2470 legata
1258 2422 1302 2457 est
1312 2448 1322 2463 ‚
1341 2420 1427 2457 ceffit
1438 2420 1490 2456 ista
1502 2419 1724 2460 consideratio.
1755 2424 1840 2458 Nam
1851 2422 1873 2458 fi
1884 2436 1952 2461 rem

1147 2469 1255 2518 primo
1269 2469 1508 2505 consecutus'est
1517 2468 1684 2515 legatarius
1694 2497 1703 2513 ‚
1715 2482 1805 2517 agere
1816 2472 1950 2520 quidem

1149 2531 1216 2554 non
1235 2519 1338 2564 potest
1348 2546 1357 2561 ,
1386 2518 1439 2554 sed
1450 2517 1471 2554 fi
1483 2518 1690 2555 aestirnatione
1699 2519 1803 2568 primo
1819 2521 1950 2571 assequi-

1148 2579 1212 2613 tur,
1220 2566 1300 2604 salua
1308 2567 1384 2618 eiad
1394 2580 1458 2603 rem
1467 2566 1600 2615 legatam
1619 2580 1724 2604 manet
1732 2569 1819 2605 aetio
1839 2583 1851 2604 ε’
1877 2573 1951 2620 quia

1148 2617 1224 2652 cum
1241 2631 1286 2653 res
1299 2617 1397 2664 legata
1409 2616 1447 2652 fit
1459 2618 1492 2652 in
1502 2615 1719 2665 obligatione,
1742 2631 1808 2654 non
1816 2619 1948 2656 aestima-

1149 2667 1199 2702 tio
1219 2681 1230 2700 .-
1256 2668 1369 2715 vtique
1388 2665 1409 2700 si
1420 2665 1581 2714 legatarius
1594 2667 1725 2703 candem
1734 2680 1800 2703 rem
1820 2679 1950 2715 peteret,

1149 2727 1244 2761 quam
1259 2717 1318 2750 iam
1331 2714 1437 2759 habet,
1446 2726 1589 2763 peccaret
1602 2716 1634 2750 in
1648 2715 1726 2752 hanc
1734 2716 1878 2765 regulam.
1899 2719 1951 2766 Asi

1146 2766 1308 2810 inquilinos.
1313 2764 1445 2811 ffideleg.
1453 2779 1479 2800 ι.
1490 2764 1550 2799 Sed
1562 2764 1583 2798 fi
1590 2763 1697 2813 primo
1707 2764 1893 2803 consecutus
1904 2767 1949 2804 est
1964 2776 1968 2779 “
2024 2754 2041 2779 ¹⁴

1147 2811 1561 2856 aestimationem,cess{1thaec
1570 2815 1663 2850 ratio:
1674 2815 1747 2863 quia
1758 2825 1795 2850 vt
1808 2814 1950 2860 dixi,ve-

1147 2861 1179 2898 re
1189 2861 1274 2899 aliud
1286 2862 1330 2897 est
1338 2875 1395 2903 res,
1412 2860 1497 2896 aliud
1508 2863 1550 2896 rei
1560 2862 1728 2899 aestimatio
1741 2878 1749 2898 ε
1762 2868 1794 2900 &
1813 2864 1847 2899 id
1858 2864 1950 2913 quod

1147 2911 1190 2947 est
1200 2911 1423 2947 succedaneum
1435 2935 1445 2951 ‚
1466 2911 1630 2960 principali
1640 2924 1753 2949 nocere
1767 2926 1832 2950 non
1843 2913 1950 2959 debet,

1148 2961 1262 3008 Zafiad
1271 2959 1335 3008 §.fi
1347 2961 1443 2994 eadem
1457 2971 1516 2996 res.
1528 2973 1579 2997 n.1
1588 2975 1614 2997 ι.
1631 2961 1683 2996 Sic
1693 2965 1724 2996 δι
1735 2973 1842 3008 quarta
1853 2963 1950 2999 dubi-

1148 3011 1230 3045 tatio
1240 3008 1367 3044 diffolui
1381 3008 1493 3055 potest,
1505 3011 1576 3057 quia
1591 3011 1608 3056 (
1617 3020 1653 3045 vt
1663 3010 1708 3045 ait
1720 3009 1838 3058 Castr.)
1849 3015 1879 3047 in
1892 3009 1950 3050 dJ'.

1143 3058 1240 3105 plane.
1274 3056 1434 3104 stipulatio
1454 3058 1623 3094 continens
1638 3058 1878 3097 aestimationem
1893 3062 1950 3103 rei·‚

1148 3120 1216 3142 non
1239 3105 1375 3154 impedit
1389 3106 1622 3154 stipulationem
1632 3108 1699 3148 rei,
1723 3113 1755 3144 δι
1767 3107 1825 3145 alia
1844 3121 1893 3145 res
1906 3109 1952 3146 est

1149 3154 1265 3192 fundus
1277 3182 1294 3197 „
1307 3154 1366 3190 alia
1381 3154 1475 3191 fundi
1486 3154 1663 3199 aestirnatio,
1675 3155 1855 3206 diuersaque
1866 3156 1954 3195 causa

1148 3205 1193 3241 est
1201 3204 1309 3240 harum
1330 3204 1571 3253 stipulationum
1581 3229 1591 3247 ,
1615 3203 1763 3256 aliudque
1772 3202 1905 3243 debetur
1914 3219 1956 3244 ex

1149 3251 1311 3303 vna,aliud
1318 3266 1360 3291 ex
1369 3253 1428 3293 alia
1439 3265 1451 3289 ε
1458 3253 1605 3304 adeoqoe
1612 3266 1721 3291 verum
1733 3268 1798 3294 non
1808 3255 1851 3292 cst
1857 3267 1902 3304 qu
1911 3254 1959 3290 od

1875 3303 1963 3340 idem
