2052 3562
334 181 403 218 606

336 247 468 297 quando*
483 244 540 281 sese
558 244 750 282 obtulerunt.
771 245 816 280 Et
839 255 913 280 curn
938 243 972 279 in
982 241 1030 278 his
1042 246 1073 277 δι
1087 239 1127 278 fi-

339 294 466 333 milibus
490 297 568 330 noui
590 296 691 332 mariti
710 294 754 330 ob
778 294 977 329 imminentia
995 290 1129 342 pericula

339 347 518 395 plerumque
534 371 544 389 ‚
568 344 630 380 siue
644 357 714 381 aute
733 344 907 379 abitionem
923 341 1005 388 ,siue
1016 344 1047 378 in
1059 342 1126 390 ipso

339 399 447 432 itinere
461 420 470 437 ,
496 393 558 430 siue
582 407 651 431 ante
687 394 784 441 praelij
806 392 902 429 aleam
922 392 1070 429 testentur
1088 392 1128 427 de

339 443 500 481 bonissuis
523 444 555 478 in
582 444 655 480 loco
666 442 888 481 statuti:haud
917 441 1013 478 dubie
1035 443 1128 477 nouis

339 506 442 542 nuptis
455 506 488 529 vt
500 493 669 540 plurimum
691 493 855 540 pellacibus
877 498 908 527 &
934 492 983 541 spe
1008 491 1123 528 futurae

338 543 572 580 consuetudinis
605 544 821 589 accedentibus
852 545 907 578 vix
952 541 1126 590 quidquam

339 594 393 643 est,
406 591 495 643 quod
506 606 613 640 negare
625 591 723 631 aufint
736 620 746 638 ‚
767 605 820 629 aut
832 592 940 628 veiint.
965 595 1060 628 Nunc
1082 591 1126 626 ob

339 644 374 679 id
393 656 488 693 genus
510 642 674 679 blanditias
698 649 729 678 &
752 643 955 680 delinimenta
975 643 1072 690 palam
1084 640 1126 676 est

338 695 503 731 statuentes
524 692 621 740 legata
644 692 847 742 prohibuisse,
867 690 956 728 simul
976 697 1008 727 &
1029 689 1122 726 fami-

336 743 386 778 liis
408 745 592 779 maritorum
611 741 789 792 prospexisse
802 769 812 786 ‚
835 757 873 778 ne
893 742 974 777 bona
994 741 1033 777 ad
1053 754 1125 776 mu-

336 792 424 829 lieres
448 792 680 829 transferrentur
701 808 710 828 .·
732 806 801 841 quae
836 792 969 828 rationes
1003 803 1068 827 tam
1091 791 1125 826 in

336 857 400 879 non
414 845 537 891 cognita
550 856 662 891 ,quam
674 843 706 876 in
729 842 853 890 cognita
863 841 969 876 locum
993 840 1120 876 habent.

334 892 435 930 Facile
465 906 568 928 tamen
603 890 778 927 admiserim
807 892 942 939 legatum
971 890 1030 935 ei,
1053 902 1122 938 quae

317 944 495 990 *contracto
518 943 719 978 matrimonio
744 967 755 985 ‚
774 954 844 977 ante
877 938 1022 987 copulam
1055 940 1127 975 reli-

336 994 425 1041 gioni
435 992 463 1026 se
480 991 702 1037 tradit‚statuto
714 1004 778 1026 non
793 990 1014 1038 comprehendi
1029 1004 1037 1024 :
1053 990 1125 1037 quia

334 1048 365 1078 ἃ*
391 1043 482 1077 dietae
504 1043 639 1077 rationes
661 1038 763 1075 ccffire
773 1041 924 1076 videntur
936 1065 946 1084 ‚
959 1044 989 1074 &
1003 1039 1063 1074 tale
1076 1038 1120 1074 le-

331 1102 439 1141 gatum
467 1089 671 1126 verisimiliter
694 1092 801 1138 exigui
825 1090 981 1125 momenti
993 1089 1037 1124 est
1057 1112 1068 1131 ‚
1094 1102 1126 1123 a·

333 1143 461 1190 deoque
482 1154 661 1189 perrarum3
687 1139 763 1175 dum
788 1140 866 1176 noui
896 1140 1000 1174 mariti
1026 1138 1063 1174 ad
1084 1135 1129 1173 sui

335 1202 561 1241 contemptum
610 1190 792 1236 religionem
838 1189 925 1226 istam
978 1187 1130 1227 referunt.

333 1241 435 1282 Quod
446 1254 550 1277 autem
588 1253 626 1277 ex
649 1239 776 1276 aduerso
811 1239 997 1289 proponitur
1019 1263 1029 1280 ‚
1063 1250 1132 1273 ver-

334 1291 372 1328 ba
383 1291 490 1327 statuti
511 1289 605 1326 nostri
632 1288 732 1328 Ητῐᾶὶὲ
756 1295 788 1325 &
815 1291 849 1325 in
868 1289 986 1339 potiori
1009 1285 1131 1336 fignifi-

335 1355 406 1378 cato
415 1339 595 1390 accipienda
606 1338 659 1375 esse
677 1350 759 1388 patet
781 1353 846 1376 non
872 1337 1044 1376 admodum
1068 1337 1130 1374 huc

335 1393 499 1439 pertinere.
537 1393 665 1426 Etenim
688 1391 754 1426 ‘sin
775 1389 929 1437 ambiguis
957 1401 996 1424 eo
1029 1386 1129 1424 modo

332 1442 426 1478 verba
437 1440 622 1477 statutorum
637 1440 840 1487 accipiuntur.
854 1441 938 1474 noa.
952 1440 988 1473 ati
998 1436 1130 1482 d.1.quod

333 1502 397 1528 vero
410 1500 509 1525 contra
522 1488 766 1535 Rom.cons.484·
782 1491 813 1524 in
828 1490 949 1531 princip.
959 1484 1031 1531 cons.
1046 1490 1127 1534 489.

332 1545 371 1579 (φ
379 1535 461 1584 plen}
475 1551 505 1574 tn
518 1538 562 1583 Lfi
576 1549 638 1573 vero
651 1540 718 1585 §.de
730 1540 796 1573 viro
805 1535 837 1582 ,ff
846 1537 934 1584 solut.
949 1536 1126 1572 matrim-At

332 1602 404 1626 curn
430 1588 578 1624 statutum
601 1600 685 1624 vetat
707 1600 745 1622 ne
767 1589 891 1623 maritus
912 1585 992 1632 leget
1007 1588 1124 1632 vxor-i,

332 1637 417 1676 nulla
428 1637 470 1672 est
496 1638 530 1672 in
553 1637 600 1672 his
621 1638 723 1672 verbis
742 1633 1143 1683 ambiguitasmbscuritas.

333 1686 564 1731 nullmdubium
577 1684 714 1721 nullum.
730 1687 865 1720 Maritus
887 1685 970 1720 enim
986 1688 1016 1718 &
1046 1699 1126 1721 vxor

330 1734 452 1786 proprie
462 1734 746 1782 exaudiuntur‚qui
759 1747 811 1783 per
823 1734 915 1769 verba
926 1732 966 1768 de
976 1733 1127 1779 praesenti,
1142 1747 1145 1748 ⁷

330 1792 363 1822 δε
383 1785 546 1821 accedente
575 1784 796 1821 benedietione
818 1786 851 1819 in
881 1781 958 1818 facie
978 1783 1125 1820 Ecclesiae

329 1847 566 1875 contraxerunt,
577 1836 780 1883 quantumuis
792 1833 963 1870 concubitu
975 1846 1039 1867 non
1054 1832 1127 1870 sub-

271 1898 284 1911 ·
330 1886 438 1922 secuto
453 1901 462 1920 :
476 1882 608 1934 cumque
617 1885 776 1932 promiffio
803 1887 982 1933 nuptiarum
1003 1881 1128 1920 futura-

328 1949 397 1975 rum
412 1937 471 1970 iarn
484 1934 609 1981 impleta
621 1933 669 1977 fit,
683 1948 747 1969 non
763 1934 842 1969 reete
853 1935 998 1973 deinceps
1012 1933 1125 1969 dicun-

329 1998 379 2022 tur
389 1983 514 2032 sponsus
531 1991 559 2019 ὃ(
573 1984 690 2033 sponsa.
706 1985 829 2025 Bald.ad
839 1987 857 2018 l.
865 1979 930 2027 [olet
949 1985 989 2028 ᾧ.
1003 1994 1060 2027 quae
1077 1987 1122 2019 vi-
1145 2015 1147 2017 .

328 2034 531 2081 rumffidehis
542 2036 589 2080 qui
611 2045 673 2068 not.
693 2033 765 2081 insa.
783 2032 875 2079 Castr.
888 2034 924 2068 ad
934 2031 991 2077 Lfi
1003 2032 1121 2079 anteiff.

323 2084 414 2131 solut.
429 2087 591 2119 mati-imon.
620 2092 754 2119 panorm.
773 2087 808 2121 Θ
823 2079 941 2127 Praepos.
953 2084 990 2114 ad
1000 2084 1079 2117 rubr.
1091 2084 1124 2117 de

320 2134 440 2180 sponsalv
458 2139 495 2171 (φ
506 2135 595 2168 Fclm.
611 2132 703 2180 confit.
722 2146 778 2180 24.
784 2131 901 2178 faciunt
913 2129 1040 2176 quasup.
1056 2143 1124 2165 con-

321 2184 455 2229 gessimus
470 2184 518 2217 hoc
533 2192 594 2227 cap.
610 2186 760 2225 multaque
770 2183 832 2216 alia
843 2183 873 2216 in
883 2183 944 2215 eius
954 2181 995 2214 rei
1019 2179 1124 2226 confir-

326 2236 481 2267 mationem
502 2232 610 2278 adferri
636 2231 742 2276 poffem
762 2227 806 2275 'rx
818 2226 968 2265 Rotunda}
993 2230 1068 2262 Valle
1089 2232 1121 2264 in

326 2282 447 2315 t-rastaele
457 2284 534 2316 lucro
546 2282 600 2314 dot.
608 2278 698 2326 quast.
708 2286 782 2316 106.
794 2277 815 2321 1}
828 2289 933 2314 numer.
946 2290 979 2323 4.
988 2279 1075 2325 Vsque
1086 2280 1122 2313 ad

327 2333 452 2367 num.18
463 2355 466 2361 .
477 2329 611 2377 Alioqui
625 2342 724 2377 neque
736 2329 821 2363 inter
835 2330 951 2364 Diuam
967 2328 1120 2374 virginem

328 2383 361 2414 &
374 2375 486 2427 Ioseph
496 2376 593 2414 fuisset
609 2375 919 2422 niatrimonium‚sed
935 2376 1013 2411 male
1024 2376 1120 2412 dixis-

326 2426 369 2463 kt
381 2427 522 2476 Angelus
535 2425 796 2474 Domini,10{eph
807 2425 853 2463 fili
865 2425 969 2463 Dauid
982 2423 1049 2461 no‘li
1059 2427 1120 2462 du-

326 2477 556 2524 bitareaccipere
567 2479 703 2513 Mariam
714 2477 879 2524 coniugem
906 2488 1004 2512 tuam:
1020 2489 1120 2524 neque

327 2527 411 2563 inter
428 2526 589 2563 Adamum
604 2532 636 2562 δι
646 2531 750 2572 Euam
764 2538 836 2562 ante
853 2522 1043 2573 congresshm
1057 2539 1121 2561 car-

326 2577 440 2620 nalem,
451 2574 538 2625 quod
550 2574 659 2613 falsum
673 2576 724 2612 est.
735 2576 816 2610 Dost.
830 2576 867 2609 ael
877 2586 932 2620 capv
945 2573 1020 2621 ficut
1031 2576 1061 2615 Q.
1074 2576 1119 2610 his

329 2637 434 2663 autem.
452 2640 505 2661 22.
519 2638 564 2671 qu.
581 2641 611 2663 2.
637 2626 730 2667 Nihil
747 2626 842 2662 etiam
865 2637 914 2659 me
935 2637 1119 2661 commouet

325 2677 414 2724 quod
437 2676 530 2713 verba
553 2675 737 2714 statutorum
761 2687 801 2710 ex
821 2676 984 2709 communi
1006 2675 1060 2710 vsu
1072 2674 1119 2709 lo-

324 2727 443 2774 quendi
456 2729 743 2772 interpretationem
764 2723 941 2772 suscipiunt.
967 2727 1049 2760 Nam
1059 2750 1071 2769 ‚
1082 2736 1119 2762 vt

324 2775 404 2812 reete
418 2775 552 2812 Phanuc.
563 2778 655 2811 cituco
667 2802 678 2821 ,
689 2787 766 2810 num.
783 2779 838 2810 62.
851 2775 894 2810 ait
905 2799 916 2816 ‚
926 2772 995 2809 vsus
1006 2774 1058 2810 iste
1069 2774 1118 2809 lo-

323 2825 441 2874 quendi
454 2825 554 2862 varius
565 2830 598 2860 &
613 2826 747 2862 incertus
757 2823 811 2869 est,
822 2837 899 2866 cum
915 2823 1030 2872 vulgus
1042 2823 1118 2860 sub—

324 2876 400 2911 inde
410 2875 547 2924 sponsam
559 2874 598 2910 de
607 2874 715 2912 futuro
728 2886 871 2914 vxorem,
882 2872 1010 2910 subinde
1022 2874 1117 2910 etiam

324 2925 451 2961 dueram
463 2931 494 2961 δε
509 2928 675 2973 coniugem
689 2937 762 2961 toto
773 2937 858 2959 anno
870 2923 1008 2972 sequenti
1026 2923 1120 2972 spon-

325 2974 388 3011 sam
412 2977 555 3011 nominet
574 2998 585 3017 ,
611 2973 731 3011 tametfi
741 2985 844 3010 reuera
867 2978 898 3008 &
912 2975 1001 3009 omni
1021 2972 1119 3022 respe-

323 3026 377 3060 ἆυ
393 3038 473 3062 νκοι·
483 3023 531 3068 sit,
545 3023 1032 3070 commeans-116.li.3.Alex.cons.
1048 3035 1120 3072 135.

322 3085 436 3120 num.7.
449 3076 500 3111 lib.
517 3090 552 3120 4.
569 3073 657 3116 Quin
680 3074 745 3110 dici
767 3075 883 3120 poterit
899 3073 1012 3117 ,verba
1024 3073 1119 3109 statu-

322 3134 426 3159 torum
449 3138 513 3160 non
542 3123 658 3169 semper
682 3124 726 3160 ita
746 3121 838 3158 crude
865 3121 1039 3169 accipienda
1066 3121 1121 3158 esse

321 3169 398 3210 ficut
420 3173 531 3209 idiotae
544 3198 555 3216 ,
570 3177 602 3209 δε
624 3173 708 3209 rudis
730 3173 864 3221 populus
882 3171 1120 3219 accipiunt,sed

318 3218 397 3257 ficut
410 3222 579 3271 iurisperiti
604 3221 641 3258 iis
654 3224 700 3260 vti
718 3221 818 3259 solent
830 3248 839 3266 ‚
851 3219 1002 3269 praecipue
1022 3234 1124 3268 quan-

318 3270 364 3306 do
374 3273 509 3320 aequitas
533 3272 634 3309 subest
644 3298 654 3318 ,
670 3279 703 3311 &
726 3271 836 3309 idiotae
860 3284 924 3309 non
948 3269 1015 3308 satis
1028 3270 1125 3309 solida

836 173 1075 212 PETRVS
1120 176 1401 213 PECK1VS.
1443 172 1536 212 LCJ

1179 245 1314 340 ration}
1321 244 1477 282 nituntur.
1494 240 1647 281 sauricen}
1659 244 1707 280 tit.
1719 243 1765 282 ad.
1778 243 1910 291 iuristiict.
1924 246 1954 293 ξ.

1183 298 1241 333 26.
1251 296 1282 329 in
1316 306 1349 332 n.
1929 301 1932 305 ’

1409 433 1411 436 ,
1459 400 1490 433 C
1506 399 1588 434 ΑΡ.
1623 396 1699 433 ΧΠ.

1178 503 1403 552 Statutum
1421 518 1475 550 ne
1493 506 1692 551 coniunx
1710 503 1888 570 coniugi
1903 502 1964 550 ie-

1251 589 1323 641 get
1356 611 1368 633 ‚
1405 589 1462 620 an
1500 573 1726 634 contineat
1766 567 1961 636 legatum

1250 643 1452 708 coniugis
1467 637 1567 707 post
1592 636 1760 686 saetam
1787 643 1873 686 tori
1897 640 1962 689 se-

1248 712 1538 778 parationem.

1376 830 1739 859 SVMMARIA.

1177 940 1203 962 1.
1216 925 1402 971 separatione
1434 923 1492 958 tori
1507 921 1590 968 falla
1612 932 1731 958 manent
1749 926 1880 971 coniuges
1911 929 1960 971 qui

1262 985 1344 1020 przus
1361 981 1452 1007 eram.

1175 1038 1203 1060 2.
1220 1033 1366 1059 statutum
1378 1034 1413 1056 ne
1431 1023 1555 1055 coniunx
1576 1024 1689 1069 coniugi
1700 1026 1857 1069 leget,n0n
1873 1026 1958 1069 habet

1267 1078 1358 1108 locum
1371 1075 1400 1106 in
1407 1071 1556 1117 fieparatis.

1179 1137 1205 1172 3.
1221 1131 1362 1169 separata
1372 1119 1391 1154 ιὶ
1404 1130 1466 1155 viro
1481 1121 1580 1154 multer
1591 1117 1795 1167 liberbsmrsua
1805 1122 1877 1159 bona
1888 1128 1959 1161 ὥς.

1269 1180 1334 1207 nat.

1175 1236 1210 1270 4.
1224 1228 1238 1256 1
1241 1224 1354 1267 ndignis
1365 1219 1486 1264 relinqui
1492 1215 1594 1264 potest.

1178 1334 1278 1413 M
1292 1329 1626 1380 OnnsTAE‚bon‹gc'1ue
1636 1330 1754 1368 indolis
1765 1330 1873 1368 mulier
1885 1332 1958 1372 ideo

1293 1385 1354 1418 tori
1376 1383 1596 1431 separationem
1617 1383 1709 1430 petiit
1731 1405 1742 1424 ,
1766 1383 1852 1430 quod
1871 1381 1961 1419 saeui-

1175 1435 1251 1467 tiam
1265 1434 1368 1471 mariti
1384 1447 1449 1469 non
1469 1431 1559 1469 ferret
1577 1431 1712 1467 eundem
1736 1443 1880 1480 egentem
1899 1436 1959 1469 mi.

1172 1481 1263 1517 serata
1279 1509 1290 1528 ,
1303 1487 1335 1517 &
1364 1482 1457 1530 vsque
1477 1483 1515 1518 ad
1537 1482 1712 1529 supermurn
1733 1481 1872 1531 spiritum
1894 1483 1961 1532 pie.

1173 1544 1267 1569 tatem
1293 1531 1377 1567 suam
1398 1532 1609 1568 demonstrans
1634 1530 1738 1579 legato
1771 1531 1960 1577 honorauit,

1171 1594 1236 1630 quo
1247 1583 1343 1619 vitam
1357 1580 1419 1617 fine
1430 1582 1550 1630 pudore
1563 1580 1703 1616 sustinere
1714 1580 1822 1630 posset.
1837 1585 1889 1618 De
1897 1584 1960 1619 hu-

1172 1632 1307 1668 iusmodi
1326 1632 1429 1680 legato
1449 1632 1542 1667 nobis
1571 1630 1620 1665 hic
1645 1631 1745 1666 sermo
1776 1631 1957 1669 instituitur.
2001 1665 2008 1669 .

1170 1683 1369 1730 Separatione
1395 1684 1533 1717 autem*
1557 1678 1634 1717 faeta
1662 1683 1808 1730 coniuges
1836 1695 1957 1719 manere

1170 1744 1236 1775 eos,
1247 1732 1302 1778 qui
1316 1732 1400 1778 prius
1410 1729 1729 1775 erant‚nihildubium
1744 1744 1834 1766 :nam
1850 1737 1882 1767 &
1896 1733 1959 1768 do-

1171 1794 1228 1817 nec
1238 1793 1355 1816 certum
1370 1780 1412 1815 est
1420 1779 1551 1816 alterum
1563 1793 1673 1815 eorum
1682 1781 1785 1816 viuere
1798 1780 1903 1821 ‚alteri
1918 1782 1959 1818 ad

1171 1829 1255 1865 aliud
1266 1829 1501 1865 matrimonium
1527 1830 1656 1878 migrare
1668 1841 1734 1864 non
1755 1829 1874 1872 licet,l.
1885 1844 1959 1868 vxo-

1171 1879 1283 1925 risffide
1292 1881 1396 1915 dmm.
1409 1883 1441 1914 &
1463 1879 1661 1927 priuilegium
1679 1880 1781 1915 mariti
1800 1892 1904 1924 tenet,
1921 1895 1960 1918 ne

1172 1931 1204 1964 in
1216 1929 1282 1978 plus
1308 1941 1400 1976 quam
1411 1927 1506 1964 facere
1529 1931 1620 1977 poffit
1651 1931 1852 1965 conueniatur
1870 1933 1892 1966 l.
1908 1942 1960 1967 nec

1170 1981 1303 2015 maritus.
1321 1985 1356 2014 C.
1366 1977 1451 2025 solut.
1467 1982 1628 2015 matrimon.
1643 1981 1744 2027 Igitur
1768 1980 1958 2017 videntur&

1175 2027 1225 2071 hi,
1238 2031 1318 2065 inter
1329 2041 1410 2078 quos
1420 2028 1578 2080 ..separatio
1599 2031 1761 2066 intercessit
1774 2056 1784 2074 ‚
1793 2030 1908 2066 statuto
1917 2030 1959 2067 de

1169 2078 1358 2128 coniugibus
1386 2077 1535 2128 quuente
1587 2079 1818 2128 comprehendi.
1864 2080 1960 2116 Alio-

1168 2129 1245 2176 quin
1269 2140 1370 2176 aperta
1398 2131 1455 2163 erit
1480 2127 1607 2164 fenestra
1641 2127 1881 2176 fraudibus‚jvt
1901 2131 1957 2176 qui

1169 2178 1328 2214 constante
1361 2178 1566 2213 matrimonio
1604 2175 1660 2214 fibi
1696 2179 1831 2215 inuicem
1843 2221 1846 2223 Α
1859 2179 1958 2229 legare

1169 2241 1238 2263 non
1254 2227 1389 2276 possunt,
1400 2225 1618 2273 separaratione
1634 2226 1710 2263 faeta
1721 2227 1836 2273 legent,
1848 2234 1879 2264 &
1891 2230 1959 2265 fru-

1168 2279 1252 2313 &um
1274 2277 1333 2312 suae
1353 2276 1835 2324 caliditatisobtineant,lfifilia
1857 2288 1958 2324 eman,-

1167 2325 1301 2372 cipataff.
1326 2329 1360 2362 de
1370 2328 1473 2363 diuort.
1495 2328 1638 2371 &repunt
1657 2331 1678 2362 l.
1701 2326 1817 2362 dubium
1841 2339 1898 2363 non
1907 2327 1958 2374 est,

1168 2383 1201 2415 C¹
1210 2378 1243 2410 de
1265 2377 1360 2422 repud.
1382 2375 1480 2422 Qud
1505 2374 1527 2410 sl
1552 2389 1618 2412 non
1650 2375 1755 2424 sponte
1777 2376 1957 2427 mnusque,

1165 2425 1216 2459 sed
1243 2425 1369 2461 alterius
1396 2425 1482 2474 culpa
1503 2424 1556 2462 fiat
1575 2425 1722 2474 separatio
1742 2450 1754 2469 ‚
1779 2438 1814 2461 vt
1833 2429 1867 2462 in
1897 2426 1973 2477 vhaff‘

1164 2476 1262 2522 specie
1276 2500 1288 2519 ‚
1300 2476 1469 2523 indignum
1479 2475 1559 2511 certe
1572 2478 1630 2512 erit
1650 2478 1715 2512 eius
1735 2475 1954 2514 conditionem

1165 2538 1209 2560 m(-
1217 2523 1326 2563 liorem
1346 2525 1427 2568 fieri,
1441 2538 1535 2575 quam
1566 2524 1736 2574 fiscparatio
1771 2538 1836 2562 non
1858 2528 1955 2565 inter-

1169 2573 1308 2610 ueniffet.

1223 2626 1346 2659 Tamen
1370 2625 1472 2660 verior
1483 2623 1526 2660 est
1552 2625 1703 2665 contraria
1713 2625 1865 2674 opinio.*
1883 2625 1950 2662 Pri-

1165 2686 1252 2709 mum
1263 2675 1334 2722 quia
1346 2671 1536 2722 separatione
1546 2675 1741 2720 matrimonii
1772 2673 1846 2711 faista
1868 2675 1940 2719 dos,

1166 2723 1398 2773 caeteraq;bona
1418 2725 1526 2759 vxoris
1536 2723 1575 2758 ad
1600 2737 1666 2761 eam
1684 2725 1813 2761 redeunt
1825 2750 1836 2770 ,
1849 2723 1870 2761 fi
1885 2737 1950 2762 non

1166 2774 1231 2808 eius
1244 2774 1333 2821 culpa
1347 2774 1494 2821 separatio
1506 2773 1720 2820 extiterit,cap.
1729 2786 1754 2808 1.
1770 2778 1806 2814 έν
1817 2786 1842 2810 c.
1855 2777 1906 2810 vlt.
1916 2775 1950 2809 de

1166 2825 1342 2859 donat-inter
1350 2826 1405 2859 vir.
1421 2825 1456 2862 ὠ
1467 2833 1549 2859 vxor.
1563 2828 1594 2859 &
1608 2836 1661 2871 per
1669 2822 1857 2872 consequens
1876 2835 1950 2859 cum

1166 2873 1255 2908 omni
1268 2872 1317 2908 sua
1329 2872 1412 2909 causta
1430 2873 1559 2909 redeunt
1569 2899 1580 2918 ‚
1589 2874 1772 2920 penitusque
1780 2871 1949 2915 ὕδει-οβε-

1166 2925 1250 2958 enim
1273 2921 1348 2960 ficut
1373 2921 1499 2970 persona
1519 2924 1626 2958 onris
1658 2935 1710 2970 per
1729 2921 1947 2971 separationem

1166 2972 1317 3021 potestate
1358 2983 1450 3019 atque
1482 2971 1746 3009 administratione
1763 2972 1865 3007 mariti
1886 2969 1949 3007 sol-

1167 3023 1273 3062 uitur,
1294 3020 1423 3058 vinculo
1449 3031 1575 3058 tantum
1604 3020 1796 3067 matrimonij
1827 3031 1947 3069 perma-
2044 3027 2046 3030 ’

1167 3083 1258 3108 nente
1272 3086 1284 3105 .-
1307 3075 1326 3094 *
1348 3072 1390 3106 ita
1412 3083 1540 3120 quoque
1562 3075 1594 3106 &
1613 3071 1718 3108 eadem
1737 3068 1820 3105 illius
1844 3070 1948 3112 bona,
1968 3052 1998 3088 3⁶
2025 3071 2027 3074 ⁴
2046 3075 2047 3078 ’

1167 3133 1233 3168 arg.
1247 3118 1267 3155 ἃ
1281 3129 1395 3156 contra.
1414 3122 1476 3169 fen.
1490 3131 1555 3167 cap.
1574 3130 1626 3166 per
1644 3129 1718 3154 tuas.
1729 3120 1789 3154 eod.
1801 3121 1847 3155 tit.
1871 3118 1951 3156 adeo

1169 3182 1204 3206 vt
1230 3168 1324 3206 libere
1365 3183 1399 3206 ea
1426 3169 1563 3219 obligare
1593 3195 1605 3215 ‚
1630 3168 1759 3204 alienare
1799 3194 1812 3211 ,
1838 3169 1953 3206 diuen-

1166 3219 1240 3255 dere
1273 3221 1365 3267 poffit
1386 3244 1398 3263 ‚
1436 3218 1493 3256 nisi
1528 3219 1645 3256 statuto
1681 3216 1866 3265 impediatur
1888 3245 1899 3264 ,
1920 3218 1954 3255 id

1167 3267 1256 3318 quod
1277 3282 1372 3319 nuper
1387 3271 1420 3306 in
1438 3269 1500 3307 hoe
1521 3270 1647 3317 Magno
1665 3270 1778 3313 Senatu
1797 3268 1956 3353 decretufm

1928 3330 1975 3356 ult
