2052 3562
210 1252 259 1275 11.

283 211 298 246 3
308 208 345 244 Ξῖ

284 276 378 303 nente
390 260 502 299 eodem
512 273 621 311 genere
631 260 807 295 contrastus
819 282 829 300 ,
842 260 863 293 l.
872 269 934 293 cum
941 271 1028 294 manu
1033 260 1087 306 sa-

283 311 494 363 ta.§.vltim.ff.
507 314 540 347 de
549 321 646 347 contra
653 310 682 345 h.
693 319 779 355 empr.
792 306 867 344 ficut
880 316 911 344 ὅ(
926 309 958 344 in
968 322 1084 346 mutuo

285 366 346 401 hoc
361 363 495 400 naturale
505 363 590 398 est&
603 363 761 395 intentum
773 385 784 403 ‚
806 371 840 395 vt
850 358 962 394 eodem
976 373 1086 407 genere

286 415 469 456 reddatur,l.
481 423 512 448 2.
519 410 588 457 fffi
598 420 667 446 cert.
676 419 769 455 petat.
780 410 850 457 quia
858 423 896 445 ex
907 413 1085 447 commeru-

286 478 340 500 um
353 462 519 499 visceribus
537 460 748 508 desumptum,
767 460 925 495 mordicus
945 460 1011 496 istis
1030 474 1084 496 co-

286 515 394 549 haeret.
407 516 436 548 E
448 511 527 547 tliuc
538 512 667 560 quidem
681 511 714 545 id
738 511 825 557 quod
838 513 870 545 in
882 512 981 557 prima
995 511 1085 546 obie-

285 565 391 599 Ftiooe
402 563 524 598 dietum
537 562 579 597 est
590 586 600 603 ‚
622 560 715 597 trahit
728 560 868 596 Alciatus
880 586 890 604 ‚
900 563 936 594 ad
946 562 973 595 d.
987 564 1005 595 l.
1021 572 1085 597 cum

284 626 322 659 qu
333 615 359 648 d.
374 613 453 649 dum
470 615 551 648 inter
565 609 713 648 naturalia
721 613 867 653 recenler,
881 612 968 658 quod
981 623 1086 658 preca-

285 665 367 699 rium
382 663 421 699 ad
432 661 561 698 libitum
574 662 776 697 concedentis
787 673 961 705 reuocatur,
973 669 1004 697 ὅ(
1024 663 1084 697 Za-

283 711 343 749 sius
366 714 399 749 id
420 712 575 749 existimat
589 710 793 747 Substantiale
817 708 885 747 effe.
910 712 984 746 Alia
1009 711 1083 747 vero

283 764 353 799 sunt
364 760 512 799 naturalia
525 761 596 807 ‚sed
608 772 733 797 externa
745 787 754 804 ‚
776 775 845 810 quae
867 775 905 797 ex
917 760 1082 798 consuetu.

280 815 355 849 dinc
367 813 547 863 plerumque
558 811 712 852 adsunt,&
726 813 899 848 commetui
911 810 1085 853 insunr,nec

283 863 339 901 alia
352 864 471 899 ratione
484 861 633 898 naturalia
645 859 838 908 appellantur
847 885 858 904 ,
878 874 971 909 quam
994 863 1084 909 qnod

281 915 394 950 affidua
405 911 630 948 consuetudine
639 937 650 956 ,
665 923 733 958 quae
746 909 837 946 altera
848 923 954 946 natura
968 912 1023 956 est,
1035 925 1085 947 ac-

282 963 410 999 cedunt.
426 961 535 998 Veluti
550 963 582 996 in
603 961 797 1003 venditione,
815 962 1005 997 euictionem
1018 976 1084 999 non

282 1013 425 1060 praestari,
437 1016 459 1050 l.
471 1016 633 1057 emptorem.
644 1009 678 1055 ff.
690 1013 722 1045 de
733 1014 790 1047 ast.
813 1021 897 1056 empt.
919 1016 948 1045 &
962 1011 1083 1060 culpam

281 1069 313 1100 δε
326 1064 443 1099 causam
456 1067 590 1110 praeltare
602 1085 612 1101 ,
636 1063 690 1095 vbi
711 1073 751 1094 ex
772 1071 881 1096 natura
906 1067 1082 1098 contractus

279 1127 346 1149 non
358 1113 543 1162 praestaretur
554 1137 564 1155 ‚
582 1109 677 1159 eacjue
698 1112 789 1157 pacto
817 1111 929 1146 mutari
939 1113 1082 1159 possunt,

279 1175 425 1199 manente
437 1163 549 1197 eodem
561 1173 670 1209 genere
682 1161 869 1196 contradus.

326 1215 342 1251 †
359 1212 693 1248 Accidentaliaautem
705 1208 773 1246 sunt
785 1235 796 1251 ,
820 1223 888 1259 quae
900 1223 965 1244 non
979 1208 1081 1245 modo

279 1275 345 1299 non
370 1265 526 1312 pertinent
546 1261 585 1297 ad
611 1258 806 1296 substantiam
831 1286 843 1305 ‚
876 1259 924 1295 sed
944 1261 1081 1295 omnino

274 1311 345 1350 sunt
357 1324 442 1349 extra
454 1324 593 1349 naturam
606 1311 792 1353 contractus,
801 1310 854 1346 dd.
868 1308 1079 1355 iurifigentium.

276 1364 307 1409 ᾧ,
327 1373 395 1409 vtpu
402 1373 443 1398 ta.
456 1368 487 1398 &
503 1361 585 1398 varie
595 1374 629 1396 ac
641 1371 734 1408 prout
745 1359 821 1396 libet
835 1384 846 1400 ‚
867 1359 884 1393 ὲ
897 1359 1079 1394 contrairem

276 1413 361 1448 tibus
369 1413 561 1449 adiiciuntur
572 1435 582 1452 ‚
610 1423 645 1446 vt
665 1411 753 1458 quod
767 1423 812 1445 res
824 1409 953 1445 vendita
967 1409 1079 1445 vendi-

277 1463 339 1498 tori
351 1462 473 1499 locetur
485 1488 496 1506 ‚
506 1460 555 1498 vel
569 1473 629 1496 vna
643 1458 792 1495 medietas
804 1458 843 1495 fic
855 1459 1007 1495 vendatur
1019 1485 1027 1501 ‚
1039 1472 1076 1495 vt

275 1511 364 1548 alteri
377 1512 470 1547 locari
478 1512 608 1549 debeat,
632 1516 663 1546 ὃ(
677 1508 742 1545 aliae
756 1511 924 1545 innumerae
936 1522 1077 1544 conuen-

276 1565 378 1599 tiones
389 1560 500 1598 similes
511 1588 522 1604 ,
547 1560 587 1595 de
598 1559 714 1606 quibus
724 1558 787 1594 haec
801 1558 906 1607 regula
917 1558 1076 1606 loquitur,

271 1624 348 1660 quas
363 1614 559 1659 Pomponius
580 1608 768 1645 adminicula
790 1620 893 1645 vocat.
908 1611 970 1644 (1.1.
989 1610 1076 1653 pasta

272 1672 420 1698 conuenta.
442 1665 522 1705 Quae
546 1661 653 1694 omnia
678 1656 758 1695 olim
783 1670 911 1706 quoque
934 1658 1074 1692 domino

272 1711 410 1747 Mudaeo
422 1710 602 1758 praeceptori
616 1713 647 1743 ὃ(
661 1707 784 1755 collegae
807 1708 914 1744 nostro
936 1704 1075 1754 placuisse

271 1761 379 1804 video,
390 1762 427 1795 ad
437 1763 488 1797 tit.
500 1762 532 1795 de
544 1759 679 1793 contrata.
693 1766 780 1803 emPt.
791 1767 870 1803 part.
884 1766 915 1802 5.
928 1768 1008 1794 num.
1025 1769 1072 1802 ¹3·

269 1804 507 1860 plurimumque
530 1820 570 1847 eo
592 1809 747 1856 pertinent
769 1821 804 1843 ea
827 1820 897 1856 quae
921 1807 962 1842 de
984 1806 1073 1842 bisin

272 1860 409 1910 Phyficis
425 1859 554 1897 tradidit
570 1856 846 1895 Aristoteles.lib.2
863 1860 1001 1903 ιαμ-μά·
1009 1857 1070 1903 seq.

270 1911 367 1947 Vnde
387 1915 419 1946 &
441 1909 523 1945 illud
544 1909 719 1950 euincitur‚
738 1921 805 1943 non
823 1907 923 1943 valere
935 1919 1072 1942 conuen-

270 1963 391 1998 tionem
402 1987 412 2003 ,
425 1974 461 1997 vt
472 1972 531 2008 pro
545 1959 653 1995 decern
669 1969 783 1993 mutuo
793 1956 887 2000 datis,
902 1955 1074 1992 reddantur

273 2012 421 2049 vndecim
435 2036 446 2054 ‚
456 2023 522 2046 non
532 2008 635 2044 solum
648 2007 728 2045 odio
742 2007 899 2044 vsuratum
913 2032 924 2050 ,
937 2005 987 2042 sed
1000 2007 1074 2054 quia

270 2073 379 2098 contra
393 2059 589 2096 substantiam
615 2064 647 2094 δε
671 2069 809 2093 naturam
832 2057 935 2094 mutui
953 2056 997 2092 est
1006 2083 1016 2102 ,
1039 2067 1074 2092 vt

270 2111 338 2160 plus
348 2110 506 2151 reddatur,
520 2106 602 2153 t.2.fi
614 2116 683 2143 cert.
696 2112 727 2143 &
740 2108 814 2155 quia
830 2108 1007 2144 contaetus
1017 2107 1073 2153 qui

271 2175 302 2197 re
316 2161 354 2198 fit
366 2186 377 2202 ,
389 2162 488 2196 maior
500 2160 555 2194 ess'e
571 2172 636 2194 non
647 2157 748 2204 potest
760 2182 770 2198 ‚
782 2158 879 2205 quem
894 2169 938 2192 res
950 2154 1024 2204 ipsa,
1033 2155 1075 2191 de

244 2226 245 2229 ¹
271 2224 331 2258 qua
342 2210 441 2246 credit
453 2211 559 2257 pactus
569 2205 820 2253 est,l.fi.tibi.ff.de
828 2210 904 2254 past.
919 2219 991 2242 curn
1002 2204 1075 2242 effe-

273 2264 341 2297 &cus
352 2260 401 2295 sua
413 2259 498 2300 causa
508 2260 608 2294 maior
619 2255 676 2293 esse
690 2268 833 2305 nequeat,
846 2256 916 2304 Zas.
929 2258 964 2295 ά
977 2260 1076 2293 Loriu-

276 2311 372 2346 tus.ad
383 2307 556 2356 d.l.rogasti.
574 2307 632 2346 nisi
638 2306 718 2343 forte
729 2320 768 2342 ex
777 2304 965 2348 accidenti‚fi
979 2307 1075 2343 inter-

275 2358 313 2395 fit
326 2358 489 2394 creditoris
501 2383 512 2400 ‚
536 2356 609 2393 loco
631 2361 663 2391 &
678 2369 820 2404 tempore
833 2368 991 2392 conuento
1004 2370 1076 2392 mu-

275 2421 365 2446 tuum
379 2421 443 2443 non
453 2407 582 2443 restitui.
594 2415 774 2452 argumento.
783 2409 804 2441 l.
820 2407 1074 2451 quintasommod.

274 2459 378 2505 Quod
388 2469 492 2495 autern
502 2455 637 2492 secundo
647 2455 721 2491 loco
731 2455 848 2490 dicitur
862 2482 871 2496 ,
894 2456 937 2491 ita
958 2456 1074 2504 placari

276 2508 378 2556 potest
392 2528 400 2555 3
414 2507 503 2556 quod
515 2505 564 2541 lex
575 2505 707 2547 sormam
718 2504 848 2553 quidem
860 2504 915 2540 dat
928 2506 1076 2554 negotiis,

275 2558 409 2608 legisque
420 2556 595 2605 prohibitio
605 2556 612 2587 ι’
616 2557 682 2591 vim
692 2553 812 2599 'formae
827 2554 970 2595 inducit,
993 2554 1077 2591 nulla

277 2608 446 2645 hominum
457 2606 670 2643 conuentione
680 2603 996 2650 mutabilem‚glofflad
1007 2608 1029 2641 l.
1045 2619 1056 2640 1
1065 2633 1076 2644 .

277 2666 314 2694 C.
324 2659 358 2693 de
366 2657 484 2704 fideiuff,
493 2658 555 2692 dot.
573 2655 627 2702 Ias.
642 2657 679 2696 ά*
691 2659 799 2690 Alexan
818 2656 882 2690 adl.
895 2656 988 2699 penul.
998 2661 1035 2689 C.
1045 2656 1078 2691 dc

273 2709 351 2753 pac't.
368 2719 452 2743 num.
473 2718 524 2754 31.
537 2704 674 2755 ideoque
686 2707 772 2754 pacta
783 2717 851 2753 quae
875 2716 981 2740 contra
994 2704 1076 2752 leges

277 2753 578 2805 constitutionesque
588 2780 599 2797 ,
627 2755 676 2792 vel
686 2767 797 2792 contra
810 2754 912 2790 bonos
924 2766 1024 2790 mores
1036 2753 1077 2790 fi-

278 2819 339 2843 unt
351 2832 363 2849 ,
378 2805 495 2843 nullam
506 2804 615 2841 habere
627 2807 694 2842 vim
707 2803 880 2841 indubitati
902 2804 976 2839 iuris
987 2804 1041 2840 est:
1054 2807 1075 2840 Ι.

274 2858 361 2902 palia
373 2867 430 2901 quae
442 2866 554 2893 cantra.
565 2862 601 2891 C.
615 2856 648 2890 de
653 2854 796 2900 paHSed
809 2852 927 2890 diuerfi
939 2853 984 2889 est
993 2854 1079 2891 causa

278 2906 346 2943 eius
355 2907 435 2954 paffl
448 2933 458 2947 ‚
483 2904 573 2955 quod
588 2903 648 2954 legi
658 2905 896 2941 consentaneum
909 2904 972 2949 est,
992 2916 1027 2941 vt
1041 2917 1079 2940 ne

278 2957 348 3004 quis
357 2955 397 2992 ad
410 2954 600 3004 impoffibile
610 2953 781 3003 obligetur.
804 2957 888 2990 Nam
913 2952 992 2992 sicut
1011 2953 1078 3002 lege

278 3017 406 3042 cauetur
418 3031 429 3047 ‚
449 3019 519 3055 quae
533 3010 549 3049 (
563 3016 599 3042 vt
611 3003 838 3041 Demosthenes
857 3004 900 3041 ait
911 3005 924 3048 )
937 3016 1079 3044 conuen-

280 3055 329 3090 tio
342 3056 484 3104 quaedam
495 3062 527 3093 &
540 3055 644 3104 paetio
655 3053 697 3091 est
709 3079 719 3096 ‚
737 3067 774 3093 vt
787 3067 894 3092 contra
906 3066 985 3095 eain,
999 3051 1080 3090 eius-

276 3102 339 3153 due
367 3116 502 3151 apertam
531 3104 781 3153 prohibitionem
809 3103 916 3153 pacisci
937 3103 1079 3139 homini-

277 3152 339 3190 bus
350 3154 475 3202 priuatis
486 3168 551 3192 non
560 3153 740 3199 liceat,l.non
752 3151 954 3201 impqssibileff
960 3154 992 3188 de
998 3155 1077 3199 past.

279 3208 329 3241 Ita
338 3216 464 3252 quoque
477 3205 509 3241 in
523 3204 572 3241 his
580 3217 649 3253 quae
664 3205 682 3239 ὲ
695 3204 761 3254 lege
771 3203 876 3241 orniffi
889 3203 958 3240 sunt
969 3228 981 3247 ‚
992 3209 1024 3240 δε
1039 3202 1079 3239 ab

279 3267 314 3290 ea
324 3252 424 3302 aperte}
438 3267 502 3289 non
516 3254 757 3302 improbantur,
782 3254 917 3303 partium
938 3265 1080 3288 conuen-

280 3305 329 3340 tio
341 3302 547 3352 quidrpotest:
560 3305 633 3352 quia
641 3317 713 3342 curn
725 3304 773 3340 lex
784 3303 824 3340 de
833 3302 881 3339 his
892 3316 957 3340 non
970 3300 1076 3351 dispo-

741 189 930 232 PETRI
974 188 1184 226 PECKH
1228 184 1561 224 COMMENT.

1133 269 1185 294 nat
1200 283 1211 300 ,
1220 270 1318 307 neque
1332 257 1465 295 formam
1480 264 1513 295 &
1529 257 1681 296 terminos
1692 258 1736 295 eis
1746 256 1909 293 constituat
1922 273 1934 292 ν

1132 310 1242 356 vtique
1255 310 1289 343 in
1300 308 1398 357 legem
1412 322 1479 345 non
1494 321 1620 356 peccant
1630 307 1846 345 contrahentes
1857 333 1867 350 ‚
1879 311 1933 354 qu¹

1133 360 1379 394 conuentionem
1404 357 1465 407 legi
1488 365 1555 395 non'
1579 362 1762 395 contrariam
1783 358 1934 393 adiiciunt

1133 411 1326 451 commerui,
1352 414 1389 460 &l
1409 421 1567 458 propterea
1579 409 1934 456 distinguuntinterpre·

1133 469 1177 494 tes
1190 484 1200 502 ‚
1211 458 1272 494 hoc
1285 462 1386 506 pafito.
1399 458 1484 505 Iason
1496 461 1561 495 adl.
1573 459 1685 506 pacisci.
1695 457 1729 503 ff.
1742 454 1934 504 depac'hAli-

1133 509 1261 557 quando
1276 510 1327 544 lex
1338 508 1480 557 expresse
1502 510 1649 558 probibet
1669 513 1771 548 aetum
1785 506 1852 549 fieri
1864 532 1876 549 ‚
1899 511 1933 541 ὅ(

1133 557 1215 593 certe
1237 558 1298 594 boc
1320 558 1390 594 casu
1410 559 1498 607 quod
1523 560 1556 595 in
1577 560 1765 596 contrarium
1785 556 1822 593 fit
1837 581 1848 599 ,
1870 569 1934 592 non

1134 606 1264 645 subsistit
1276 610 1411 657 partium
1423 611 1647 651 conuentione,
1659 610 1719 643 d.1.
1738 621 1750 643 ι
1759 633 1768 644 .
1790 607 1880 643 Idem
1893 606 1936 641 est

1132 656 1153 692 fi
1167 672 1231 694 non
1244 659 1388 707 prohibet
1403 659 1552 707 expresse,
1563 658 1612 695 sed
1624 672 1681 708 pro
1692 655 1889 693 solemnitate
1901 662 1934 692 &

1131 707 1233 743 forma
1245 709 1364 758 aliquid
1377 708 1512 753 inducit,
1522 712 1544 745 l.
1562 723 1588 746 1.
1604 717 1641 745 C.
1656 709 1688 743 de
1698 706 1834 754 vsufruti.
1849 706 1901 742 vel
1911 705 1935 742 fi

1132 771 1190 806 pro
1201 757 1300 794 forma
1312 772 1365 795 aut
1376 758 1569 794 solemnitate
1582 772 1648 794 non
1665 758 1794 793 inducat
1818 771 1828 791 :
1850 757 1937 804 prin-

1132 809 1220 856 cipali
1227 821 1270 844 rer
1291 823 1396 846 tamen
1420 809 1578 857 publicam
1601 808 1771 844 vtilitatem
1799 804 1935 852 respicit,

1134 862 1162 894 d.
1174 862 1194 894 l.
1220 859 1429 907 iurisgemitim.
1444 863 1475 906 ξ.
1483 858 1510 904 fi
1522 857 1653 905 paciscar.
1669 857 1745 896 &ct
1758 858 1862 902 §.ame
1872 867 1935 890 om-

1134 910 1196 944 nia.
1223 909 1410 958 Aliquando
1424 910 1499 945 vero
1512 908 1651 956 disponit
1664 908 1714 943 lex
1725 905 1933 954 principaliter

1130 959 1167 992 ad
1179 959 1330 1006 priuatam
1343 959 1511 996 vtilitatem
1533 983 1544 1001 ‚
1565 963 1596 994 &
1617 971 1692 994 tunc
1711 957 1884 993 conuentio
1901 957 1935 992 in

1132 1010 1324 1045 contrarium
1335 1008 1412 1046 faeta
1426 1010 1505 1046 valet
1519 1023 1528 1043 :
1541 1010 1614 1058 quia
1638 1006 1717 1043 nihil
1741 1005 1824 1042 aliud
1846 1006 1934 1041 estea

1130 1061 1306 1094 conuentio
1325 1084 1334 1100 ‚
1361 1073 1455 1107 quam
1471 1058 1666 1095 renunciatio
1679 1058 1883 1104 iurispropri]
1897 1060 1931 1090 &

1130 1108 1241 1155 priuati
1255 1135 1265 1152 ‚
1296 1122 1348 1156 per
1370 1107 1468 1157 legem
1479 1109 1598 1145 induffi
1611 1131 1622 1150 ‚
1645 1120 1713 1155 quae
1725 1104 1852 1142 cuilibet
1865 1118 1934 1155 per-

1131 1158 1280 1193 mittitur.
1295 1162 1314 1193 l.
1327 1168 1396 1204 pen,
1413 1160 1486 1195 C.de
1500 1162 1580 1203 past.
1594 1158 1654 1194 Sed
1668 1170 1723 1192 nec
1736 1156 1823 1193 tertia
1834 1155 1931 1191 dubi-

1130 1209 1209 1242 tatio
1220 1220 1342 1246 mouet.
1356 1212 1371 1247 ‘s
1387 1212 1469 1244 Nam
1483 1208 1569 1257 quod
1582 1208 1717 1243 dicimus
1729 1208 1927 1242 comi-aetum

1129 1258 1305 1305 principum
1317 1257 1426 1294 habere
1440 1259 1503 1295 vim
1521 1258 1615 1307 legis,
1637 1271 1702 1293 non
1723 1257 1765 1293 ita
1774 1258 1929 1305 accipien-

1128 1307 1205 1342 dum
1218 1308 1261 1343 cst
1272 1334 1279 1348 ‚
1304 1307 1388 1356 quasi
1401 1309 1535 1344 aliorum
1550 1309 1776 1344 conuentiones
1790 1320 1855 1343 non
1872 1306 1928 1342 ha—

1128 1360 1218 1392 beant
1230 1355 1372 1393 effectum
1384 1359 1572 1407 astringendi
1585 1383 1595 1399 ,
1619 1369 1671 1394 aut
1682 1356 1783 1405 legem
1797 1371 1863 1396 non
1873 1357 1930 1393 tri-

1129 1406 1224 1443 buant
1236 1411 1409 1444 contractui
1422 1435 1433 1453 ‚
1458 1408 1507 1444 sed
1528 1406 1616 1456 quod
1628 1410 1800 1445 conuentio
1814 1407 1863 1443 vel
1873 1420 1927 1454 pa-

1125 1458 1192 1493 &io
1203 1456 1339 1506 apposita
1352 1460 1385 1494 in
1397 1459 1557 1495 contraCtu
1572 1458 1738 1505 Principis,
1755 1456 1847 1492 habet
1859 1460 1926 1494 vim

1125 1505 1278 1554 legis‚non
1291 1507 1392 1544 solum
1404 1521 1470 1556 quo
1482 1508 1520 1543 ad
1530 1508 1610 1556 ipsos
1618 1506 1925 1555 contrahente52quia

1127 1560 1269 1604 Princeps
1280 1556 1335 1594 suo
1345 1560 1505 1594 contrastu
1516 1558 1798 1607 obligatui‘:Ba1dus
1808 1557 1848 1591 ad
1857 1560 1879 1592 L.
1893 1571 1924 1592 2.

1127 1613 1162 1642 C.
1177 1606 1353 1652 deseruitut.
1365 1610 1498 1653 &aqua¹
1509 1607 1558 1643 sed
1572 1608 1666 1643 etiam
1680 1632 1689 1646 ,
1711 1619 1778 1655 quo
1797 1606 1834 1641 ad
1847 1605 1926 1643 alios

1125 1655 1266 1691 subditos
1278 1682 1289 1701 ,
1310 1658 1398 1705 quod
1415 1671 1481 1693 non
1500 1657 1586 1694 estin
1595 1658 1808 1693 conuentione
1820 1657 1925 1704 priua-

1126 1717 1246 1743 torum.
1276 1707 1371 1742 Vnde
1389 1705 1466 1744 sicut
1490 1720 1542 1756 per
1566 1707 1665 1756 legem
1676 1705 1855 1744 transfertur
1865 1707 1927 1742 do-

1126 1757 1261 1795 minium
1275 1754 1337 1792 fine
1349 1757 1518 1794 traditione
1528 1784 1538 1803 ,
1548 1760 1568 1794 l.
1576 1757 1657 1804 fi...c
1670 1756 1811 1803 desacros.
1830 1756 1925 1803 eccles:

1125 1806 1168 1840 ita
1177 1806 1271 1841 etiam
1284 1819 1323 1842 ex
1333 1810 1492 1844 contrastu
1503 1803 1584 1845 faeti>
1598 1821 1650 1856 per
1662 1808 1851 1855 Principem,
1867 1804 1926 1854 Ias.

1126 1855 1164 1890 ad
1177 1857 1300 1891 inuitas
1315 1868 1343 1892 n.
1351 1856 1440 1903 3.fffi
1449 1871 1494 1893 cer
1505 1868 1563 1903 pet.
1578 1862 1610 1893 &
1623 1855 1702 1893 ficut
1714 1858 1856 1903 Princeps
1867 1863 1928 1903 'po-

1123 1904 1182 1939 test
1193 1903 1327 1952 obligare
1339 1904 1408 1942 suos
1419 1906 1563 1944 subditos
1577 1920 1629 1956 per
1641 1907 1741 1954 legem
1752 1931 1766 1947 .,
1775 1907 1818 1943 ita
1830 1907 1926 1944 etiam

1127 1966 1180 2002 per
1201 1957 1396 1992 contra&um
1412 1982 1422 1998 ‚
1451 1961 1483 1993 δι
1506 1956 1583 1993 ficut
1595 1971 1634 1993 ex
1644 1957 1793 1992 sententia
1803 1955 1863 1992 lata
1875 1962 1929 2003 pe'r

1128 2005 1502 2053 Principem‚l.Roman.ad
1510 2007 1733 2054 l.Caesar.nu.7.
1741 2005 1812 2053 ffde
1816 2005 1925 2054 public.

1127 2055 1162 2088 in
1180 2065 1349 2090 commune
1369 2069 1491 2104 paratur
1503 2057 1720 2105 praeiudicium
1742 2071 1753 2091 :
1775 2056 1819 2093 ita
1840 2059 1872 2092 δε
1885 2068 1927 2093 ex

1128 2104 1219 2152 pasto
1230 2106 1439 2142 eius.Bart.ad
1454 2106 1616 2153 d.l.Caesar.
1630 2119 1662 2143 n.
1678 2118 1690 2141 ε
1699 2119 1725 2142 1.
1739 2105 1827 2142 Licet
1839 2105 1927 2142 enim

1128 2154 1253 2201 pafium
1266 2167 1318 2203 per
1330 2153 1358 2189 se
1378 2168 1443 2190 non
1465 2167 1576 2200 nocet,
1602 2155 1658 2192 nisi
1681 2153 1900 2203 paciscentibus
1915 2170 1927 2192 .·

1128 2203 1282 2243 omnibus
1294 2215 1397 2240 tamen
1409 2215 1502 2241 nocet
1523 2205 1644 2253 speciali
1659 2204 1778 2241 ratione
1789 2230 1800 2248 ,
1812 2206 1927 2253 quibus

1128 2250 1178 2295 lex
1188 2252 1310 2302 imponi
1325 2254 1521 2302 potest.Cast.
1534 2259 1572 2294 Θ
1583 2257 1633 2300 aly·
1651 2254 1847 2300 ibiinart&
1861 2269 1928 2293 non

1128 2301 1242 2347 obstat,
1256 2304 1343 2351 quod
1356 2306 1484 2340 maritus
1494 2304 1601 2353 pacisci
1614 2318 1679 2340 non
1699 2304 1799 2352 potest
1809 2329 1821 2347 ‚
1829 2317 1866 2342 vt
1876 2304 1929 2341 so-

1129 2351 1194 2387 lum
1215 2352 1327 2389 dolum
1350 2355 1382 2390 in
1393 2353 1471 2391 dote
1484 2355 1616 2402 praester.
1638 2358 1721 2390 Nam
1734 2359 1765 2390 &
1780 2353 1871 2391 huius
1880 2369 1930 2391 r-a-

1130 2402 1179 2438 tio
1191 2401 1230 2438 ab
1243 2402 1312 2450 ipso
1324 2405 1506 2453 Pomponio
1527 2404 1696 2442 asscribitur
1705 2431 1714 2447 ,
1725 2403 1839 2442 scilicet
1852 2418 1931 2453 pro-

1130 2464 1198 2500 pter
1223 2451 1391 2490 vtilitatem
1414 2454 1600 2492 nubentium
1624 2452 1791 2491 mulierum
1811 2480 1821 2496 ,
1844 2452 1929 2504 quali

1133 2503 1216 2538 dicat
1227 2504 1315 2551 quod
1325 2504 1499 2551 reipublicae
1510 2504 1642 2543 interest
1652 2531 1662 2547 ‚
1680 2503 1771 2540 dotes
1779 2503 1843 2541 suas
1856 2518 1930 2541 mu-
1948 2528 1952 2535 ·

1131 2552 1257 2588 lieribus
1269 2552 1324 2589 effe
1334 2553 1459 2597 ialuasd.
1482 2570 1510 2593 1.
1518 2554 1556 2600 ff.
1568 2554 1650 2600 Μαι.
1663 2564 1751 2593 matr.
1763 2559 1794 2591 &
1808 2566 1844 2591 vt
1855 2552 1931 2591 Ful-

1132 2600 1233 2652 gofius
1244 2604 1339 2644 amad
1346 2606 1649 2650 d.l.Pomponius.non
1663 2614 1767 2640 tamen
1781 2603 1814 2639 id
1827 2606 1928 2653 agitur

1132 2666 1167 2690 vt
1180 2652 1268 2701 culpa
1281 2652 1439 2690 commissa
1449 2650 1514 2689 no'n
1524 2665 1663 2691 teneatur
1673 2657 1815 2695 maritus,·
1830 2654 1930 2703 quem

1132 2714 1168 2739 vt
1178 2701 1264 2751 culpa
1283 2716 1348 2738 non
1358 2704 1587 2740 committatur.
1606 2707 1721 2750 Neque
1738 2706 1853 2740 mirum
1864 2703 1907 2739 est
1916 2730 1928 2750 ‚

1132 2751 1220 2802 quod
1231 2754 1398 2789 conuenire
1408 2767 1473 2790 non
1484 2754 1586 2801 potest
1597 2779 1608 2795 ,
1636 2766 1674 2790 ne
1685 2753 1729 2789 ob
1736 2766 1783 2789 res
1796 2754 1927 2791 donatas

1134 2802 1186 2839 vel
1197 2814 1317 2839 amotas
1326 2814 1432 2851 agatur
1444 2818 1454 2839 ε
1466 2804 1539 2852 quia
1557 2803 1656 2840 altero
1672 2805 1764 2851 pacto
1775 2801 1813 2838 ad
1824 2801 1926 2840 furan-

1133 2853 1210 2890 dum
1222 2851 1364 2890 mulieres
1377 2853 1550 2890 innitantur
1560 2878 1569 2893 ,
1588 2851 1686 2889 altero
1699 2855 1748 2888 ius
1760 2852 1852 2889 ciuile
1865 2852 1927 2888 irn-

1132 2914 1300 2953 pugnatur.
1324 2903 1354 2938 d.
1377 2905 1398 2938 l.
1412 2903 1569 2939 conuenire.
1583 2905 1693 2950 Neque
1707 2899 1843 2938 multum
1854 2900 1928 2937 huic

1132 2952 1269 2989 absimile
1280 2951 1322 2988 est
1334 2951 1366 2987 id
1377 2951 1466 3001 quod
1475 2952 1593 3000 quintae
1602 2951 1797 2989 dubitationi
1819 2949 1926 2988 dissol-

1134 3002 1245 3040 uendae
1271 3001 1501 3038 accommodari
1523 3002 1636 3050 potest·
1657 3003 1742 3044 Quia
1770 3003 1894 3048 palium
1913 3025 1929 3044 ‚

1133 3052 1221 3102 quod
1235 3052 1314 3088 inea
1325 3052 1532 3100 proponitur,
1556 3051 1600 3088 est
1615 3061 1722 3087 contra
1742 3048 1845 3087 bonos
1855 3065 1928 3088 mo-

1134 3116 1180 3139 res
1200 3126 1212 3145 ,
1233 3105 1266 3137 &
1290 3113 1397 3138 contra
1417 3113 1567 3151 receptam
1588 3099 1788 3139 reuerentiam
1800 3127 1812 3146 ,
1831 3113 1928 3151 quam

1136 3163 1250 3191 vxores
1263 3152 1381 3187 maritis
1391 3150 1555 3190 debent:&
1566 3153 1648 3188 ratio
1659 3152 1836 3189 reuerentiae
1859 3165 1928 3189 ma-

1137 3200 1294 3250 ritalisque
1316 3198 1487 3241 affectionis
1509 3199 1654 3250 postulat,
1667 3214 1706 3237 ne
1733 3203 1883 3251 coniuges
1895 3216 1932 3238 a·

1139 3251 1221 3302 spere
1232 3277 1244 3297 ‚
1256 3251 1398 3298 rigide&
1418 3251 1588 3288 inciuiliter
1600 3251 1680 3287 inter
1701 3249 1730 3287 (e
1745 3249 1931 3290 conflicten-

1139 3313 1194 3339 tur
1203 3327 1215 3347 ,
1228 3299 1284 3338 sed
1290 3299 1406 3350 semper
1429 3299 1643 3347 construetur,
1654 3305 1687 3338 &
1712 3299 1859 3340 habeatur.
1875 3303 1938 3339 ho-

1875 3362 1933 3389 nor

1957 1270 2008 1298 12.
