2052 3562
212 232 217 239 ,
267 195 347 231 DE
394 191 850 231 τΕςΤΑΜΕΝΤῙς

56 266 167 306 Armini
180 267 257 316 cons.
273 280 306 305 2.
317 263 412 313 castr.
423 265 500 315 cons.
516 267 623 310 92.1ib.
636 266 847 314 1.Roma.cons.

56 333 108 367 32.
120 319 209 354 Ludo.
222 319 353 354 Gozad..
368 315 443 363 cons.
454 329 483 362 ς.
499 322 543 349 An
555 319 585 351 in
592 315 749 362 quastione.
762 319 849 354 cola.

55 368 114 406 sat}
123 372 223 414 Τίνας.
242 370 275 403 de
285 368 402 402 retrusi.
415 373 457 401 De
469 368 579 412 retr-ist.
594 370 781 414 lignagier.§.
800 380 851 413 30„

49 418 135 466 gloff.
161 434 190 456 ι.
211 423 290 454 num.
317 429 350 464 5.
373 416 455 462 versi.
476 420 518 449 Ex
537 416 586 450 hoc
601 415 850 463 inferunt.Vnde

53 481 127 505 cum
149 459 311 504 verisimile
342 464 379 502 s1t
411 477 548 512 mentem
575 466 777 502 statuentium
801 467 852 503 hic

52 517 139 556 fuisse
152 545 162 562 ,
185 517 273 568 quod
287 515 409 554 nollent
420 515 519 565 legata
532 515 633 551 Valere
642 517 675 551 in
686 517 798 552 odium
813 531 852 554 v—

52 581 167 607 xorum
181 581 307 618 propter
317 566 556 612 rationessupra
578 564 702 615 scriptas
722 592 733 609 ,
755 566 851 603 debet

54 619 204 656 statutum
217 616 326 654 censeri
339 615 500 659 odiosum,
514 614 587 652 licet
598 629 637 651 ex
649 616 850 666 consequenti

55 668 193 719 respiciat
213 667 352 705 fauorem
374 669 591 716 proximorum
602 672 776 704 amicorum
786 681 853 704 ma-

54 721 120 760 riti.
135 719 209 755 Hoc
219 717 352 766 amplius
363 718 433 753 sunt
445 718 499 764 qui
514 728 624 764 putent
635 744 647 764 ‚
663 716 685 752 si
704 719 738 753 in
751 717 853 766 aliqua

53 768 253 820 dispositione
263 781 402 817 peraeque
419 779 602 803 concurrant
621 768 733 803 odium
754 773 787 804 &
807 767 852 804 fa·

55 825 136 862 uo'r,
150 818 260 856 censeri
271 817 449 866 simpliciter
465 817 606 853 odiosam
619 843 629 859 ‚
646 819 729 853 Bald.
738 819 769 853 in
780 822 800 853 l.
817 830 846 853 1.

0 899 6 916 y,
41 873 44 876 '
58 873 161 909 cotum.
176 884 204 908 1.
218 867 313 915 verfic.
327 874 398 903 Item
407 875 475 902 nota
489 868 563 912 qubd
568 868 761 914 priuilegium
773 864 806 916 ff.
822 869 871 903 de'

55 919 171 967 constit.
187 921 285 965 princ.
301 924 383 953 Ιοιιη,
399 918 471 952 And.
488 919 519 950 in
531 927 593 963 cap.
610 921 663 952 vlt.
672 918 757 963 super
770 919 856 964 gloss.

59 982 96 1019 5.
111 972 143 1005 in
158 968 225 1006 verb
233 967 381 1012 similibus.
404 968 443 1005 όν
462 967 502 1001 ibi
514 968 642 1001 Anchar.
657 970 798 1003 Dominio.
815 973 854 1007 (ἐν

55 1021 142 1055 Phili.
160 1027 256 1055 franc.
276 1018 309 1052 de
321 1014 407 1053 herb.
424 1015 505 1062 fign.
530 1017 581 1052 lib.
598 1021 630 1052 6.
642 1019 729 1053 Nico.
741 1019 807 1053 Mil.
821 1020 854 1052 in

48 1066 101 1116 suo
113 1077 234 1113 reperto.
252 1068 283 1101 in
297 1067 374 1102 verb.
393 1073 451 1100 Lex
460 1068 564 1101 dicitur
568 1065 738 1113 fauorabilis
752 1094 759 1108 ,
772 1071 810 1106 ά
821 1070 854 1102 in

54 1119 133 1156 verb.
149 1117 334 1162 priuilegium
338 1115 365 1162 fi
375 1127 438 1151 vno.
451 1119 496 1152 Et
509 1117 583 1152 ideo
597 1117 697 1163 Tiraq
718 1119 748 1151 in
755 1117 854 1164 praefae.

52 1168 83 1203 εἰ.
98 1169 149 1204 lib.
164 1169 197 1202 de
207 1174 269 1200 vtro
292 1166 404 1200 retrast.
417 1177 527 1202 numer.
541 1170 599 1203 66.
614 1163 684 1213 vers.
695 1168 750 1201 Sed
761 1179 855 1211 quan-

7 1248 10 1252 .
53 1227 130 1254 tum.
139 1216 244 1253 scribit
254 1239 265 1257 ‚
277 1213 300 1252 fi
312 1213 505 1251 consuetudo
518 1218 552 1252 in
565 1218 693 1252 materia
705 1218 854 1253 retractus

54 1264 92 1303 fit
104 1267 273 1303 contraius
281 1292 292 1309 ‚
302 1264 381 1301 nihil
390 1264 601 1303 dubitandum
612 1266 679 1310 esse,
688 1267 765 1314 quin
777 1265 850 1301 sim-

52 1317 178 1368 pliciter
201 1316 306 1353 veniat
327 1315 427 1362 stride
449 1316 702 1365 interpretanda,
723 1314 853 1352 etiamsi

0 1373 4 1381 '
52 1366 133 1404 faeta
142 1364 236 1404 fuerit
245 1365 454 1427 principali-ter
475 1367 510 1402 in
520 1367 659 1403 fauorem
669 1367 854 1415 consangui-

52 1430 186 1455 neorum
202 1429 296 1452 :cum
309 1415 453 1451 voluntas
463 1415 663 1453 statuentium
677 1415 772 1452 facere
783 1430 849 1452 non

54 1467 149 1519 poffit
161 1491 172 1510 ,
186 1478 222 1502 vt
235 1464 323 1514 quod
334 1464 438 1513 suapte
457 1477 564 1502 natura
576 1466 723 1502 odiosum
735 1467 777 1502 est
786 1493 797 1512 ‚
818 1467 853 1502 id

58 1516 245 1554 censendum
256 1511 293 1551 fit
306 1514 487 1556 fauorabile,
498 1517 651 1566 quodque
660 1514 831 1553 fauorabile
843 1541 854 1558 ,

54 1566 202 1604 odiosum
214 1593 224 1610 ‚
248 1578 317 1613 quae
327 1564 397 1602 sunt
410 1565 572 1615 qualitates
585 1570 727 1603 immotae
738 1594 749 1609 ,
761 1572 793 1603 &
806 1579 854 1602 te-

54 1614 212 1654 naciffime
225 1615 425 1652 adhaerentes.
441 1617 542 1665 Igitur
556 1616 578 1653 fi
588 1619 682 1654 etiam
703 1616 851 1665 primario

54 1666 205 1704 statutum
215 1666 353 1702 nostrum
367 1666 494 1704 haberet
505 1666 624 1704 causam
636 1666 852 1710 fauorabilem,

53 1717 241 1766 propinquis
250 1713 367 1752 scilicet
378 1717 480 1754 mariti
492 1723 614 1763 ‚tamen
625 1718 698 1765 quia
709 1730 776 1753 non
791 1719 853 1754 mi-

55 1765 117 1804 nsis
141 1767 284 1805 continet
304 1765 417 1802 odium
451 1768 558 1803 vxoris
583 1791 594 1809 ,
627 1765 796 1804 censeretur
815 1781 855 1803 ο-

56 1815 183 1854 diosum
194 1842 206 1862 ‚
229 1820 262 1854 δι
275 1840 284 1855 .
297 1827 332 1852 vt
347 1830 412 1852 non
435 1817 605 1854 censeretur
626 1815 773 1853 odiosum
788 1829 855 1864 ‚ta-

59 1870 134 1904 men
144 1870 218 1915 quia
230 1866 273 1903 est
284 1865 377 1902 stricti
387 1866 601 1913 iuris,extendi
612 1880 676 1902 non
699 1867 796 1915 posset
815 1867 854 1903 ad

56 1915 175 1955 causam
194 1915 420 1962 ,inexpreffim
462 1923 529 1954 Iam
559 1930 599 1953 ex
618 1918 774 1964 praedic'tis
793 1918 854 1954 hoc

58 1970 189 2016 quoque
211 1964 433 2016 intelligimus,
444 1980 509 2004 non
530 1967 610 2003 reete
633 1967 651 2002 ὲ
673 1969 792 2004 Curtio
819 1973 853 2004 &

58 2015 169 2059 Iasone
189 2017 292 2060 tradi,
312 2015 402 2065 quod
415 2018 495 2054 ratio
509 2018 614 2054 statuti
640 2016 677 2052 sit
689 2044 699 2063 ,
720 2031 759 2054 ne
778 2032 856 2055 con-

16 2089 18 2096 ι
60 2065 187 2116 iugesse
202 2079 318 2104 mutuo
328 2080 433 2102 amore
446 2065 593 2114 spolient.
617 2070 686 2103 Nec
705 2069 790 2104 enim
800 2069 857 2104 ad-

0 2113 10 2124 ”
59 2116 195 2153 modum
207 2116 410 2166 quaerendum
432 2117 474 2153 est
484 2120 524 2153 de
536 2117 718 2166 spoliatione
728 2120 792 2154 eius
802 2120 857 2167 qui

61 2169 198 2204 moritur
209 2194 220 2210 ,
244 2171 277 2203 δε
288 2168 342 2216 qui
353 2167 414 2203 iam
428 2180 529 2204 rerum
541 2169 662 2204 suarum
673 2181 760 2217 egere
779 2168 858 2207 desi-

0 2224 9 2229 *
63 2213 228 2254 nit2sicut
242 2221 275 2253 &
297 2216 429 2253 donatio
450 2218 529 2254 inter
553 2219 656 2264 virum
679 2224 711 2253 ὅ(
726 2233 857 2256 vxorem

65 2266 110 2303 ob
131 2267 248 2304 dietam
265 2268 417 2303 rationem
439 2266 596 2316 prohibita
621 2293 633 2312 ‚
658 2281 760 2305 morte
783 2284 860 2307 con-

66 2315 233 2358 firmatur,
256 2313 340 2366 quasi
362 2314 447 2353 causa
471 2317 695 2366 prohibitionis
714 2331 788 2356 tunc
799 2320 863 2357 ces⁴

65 2366 171 2410 sante,
192 2377 257 2412 cap.
270 2365 337 2402 crim
358 2364 485 2413 ceffiante.
507 2369 540 2403 de
550 2369 644 2414 appel.
666 2366 794 2406 Vltimo
807 2370 863 2407 de-

69 2418 165 2466 nique
185 2411 374 2466 argumento
394 2419 507 2465 exigua
526 2419 661 2453 omnino
671 2422 719 2455 vis
745 2420 788 2457 est
803 2447 813 2464 ‚
825 2435 862 2460 vt

69 2465 88 2502 ὲ
119 2479 170 2502 me
199 2466 304 2516 poste&
333 2464 476 2515 peculiari
512 2468 693 2507 tractatione
717 2470 861 2508 ostende-

74 2527 140 2552 tur·

321 2614 449 2650 CAP.
508 2614 584 2653 VI.

75 2718 256 2783 Statutfi
268 2747 327 2779 an
346 2728 489 2782 valeat
513 2734 641 2802 quod
665 2740 866 2789 coniunx

10 2852 13 2858 ,
149 2801 332 2868 coniugi
345 2798 488 2869 legare
500 2820 596 2851 non
622 2805 748 2872 possit
761 2844 774 2867 ‚
799 2807 861 2858 sa.

51 2903 60 2909 -
92 2913 98 2922 .
120 2930 127 2937 x
147 2886 222 2919 cra
234 2872 454 2922 vnst'mne
467 2870 654 2941 sumpta.

332 2999 620 3033 SVMMARIA.

80 3093 121 3138 1(
133 3105 282 3137 statutum
292 3104 368 3139 valet
379 3116 415 3139 ne
427 3105 552 3141 coniunx
559 3107 621 3154 post
635 3119 794 3148 extremam
807 3119 868 3151 Vn-

176 3151 293 3197 aionem
304 3151 398 3199 testari
405 3155 502 3199 possit.

82 3207 115 3234 2.
133 3200 267 3234 Extrema
286 3203 379 3237 vnctio
396 3215 453 3238 non
472 3205 551 3239 debet
565 3209 694 3255 impedire
712 3221 765 3257 quo
776 3216 867 3251 minus

170 3245 267 3295 poste)
276 3248 472 3296 testamentum
476 3253 543 3300 fiat.
657 3267 660 3270 ’

895 196 1239 236 CONIVGVM
1272 197 1472 238 LIB.1V‚
1633 210 1699 241 601

906 276 934 353 I
945 272 977 305 N
988 269 1138 320 plerisque
1148 271 1227 309 locis
1239 287 1307 310 eam
1317 275 1503 323 opinionem
1515 274 1620 312 induit
1631 277 1703 315 vul-

946 333 1002 368 gus
1012 344 1024 364 ,
1033 321 1122 370 quod
1133 324 1200 371 post
1209 323 1320 360 sacram
1339 328 1524 363 νηᾶἰοηεῐῃ
1546 340 1641 365 nemo
1652 342 1701 365 tc*

905 371 971 406 stari
986 372 1089 418 poffit.
1103 371 1187 422 finge
1199 374 1232 408 id
1247 374 1362 412 statuto
1372 377 1491 413 causam
1503 377 1614 415 dedisse
1630 395 1641 414 .-
1661 393 1700 415 an

906 420 1045 457 validum
1054 423 1111 458 erit
1123 428 1134 458 ἓ
1147 426 1213 469 Qui
1223 423 1404 462 adfirmabit
1415 451 1426 470 ,
1450 428 1498 463 his
1509 430 1701 475 vteturxrati-

902 472 1036 513 onibus,
1050 472 1138 520 quod
1151 476 1382 511 Sacramentum
1393 477 1473 513 istud
1485 490 1559 513 tunc
1572 478 1632 514 fere
1643 481 1700 515 ad-

905 522 1092 558 ministratur
1104 547 1114 567 ‚
1140 536 1213 558 cum
1237 529 1457 572 aegrotantium
1478 527 1575 564 sensus
1588 528 1700 565 defici-

907 583 965 607 unt
979 586 987 606 :
1000 572 1087 621 quod
1108 586 1147 608 eo
1165 573 1292 622 sumpto
1304 577 1391 624 pium
1403 575 1439 612 fit
1451 581 1530 613 curis
1541 591 1702 628 tempora—

904 622 956 656 riis
969 635 1032 657 non
1044 621 1223 660 incumbere
1236 636 1245 659 t
1259 625 1409 674 quodque
1419 627 1566 664 statutum
1577 630 1638 665 hoc
1650 633 1700 665 ni-

905 670 993 707 bilin
1006 671 1034 707 se
1053 674 1195 710 continet
1216 673 1309 710 bonis
1332 677 1473 714 moribus
1494 683 1695 716 contrarium.

905 726 945 757 In
960 722 1058 758 nostra
1072 735 1176 759 autem
1191 723 1286 772 specie
1301 727 1382 760 ratio
1397 727 1439 762 est
1448 729 1552 765 multo
1564 729 1698 767 firmior:

904 773 937 807 N
940 784 990 808 am
1004 771 1025 808 si
1040 773 1156 809 statuto
1167 773 1234 810 fieri
1243 775 1343 823 potest
1357 789 1396 812 ne
1407 777 1543 815 omnino
1559 783 1700 817 coniunx

905 824 924 843 *
938 824 1066 871 coniugi
1087 824 1166 871 quid
1186 825 1289 873 leget,
1313 838 1350 863 vt
1360 827 1481 864 distum
1493 829 1535 865 est
1546 857 1555 873 ,
1577 832 1698 879 quanto

905 875 1004 921 magis
1026 887 1064 909 ne
1088 875 1155 922 post
1177 888 1296 912 certum
1308 888 1431 926 tempus
1443 879 1524 928 leget
1537 904 1548 925 ‚
1563 877 1629 917 fieri
1642 896 1700 930 po—

905 925 1000 963 terit}
1017 933 1080 969 rap.
1095 927 1140 959 cui
1155 927 1229 960 licet.
1244 927 1278 961 de
1287 938 1346 973 reg.
1359 930 1416 964 iur.
1439 933 1467 965 in
1489 934 1522 966 6.
1539 933 1646 973 Quod
1657 933 1704 969 sa-

906 971 945 1008 ne
956 985 1175 1022 argumentum
1188 1001 1199 1020 ,
1213 987 1249 1011 vt
1259 976 1338 1012 mihi
1349 978 1475 1015 videtur
1483 1007 1494 1027 ‚
1508 981 1700 1021 ineuitabile:

904 1025 948 1060 ita
959 1038 1025 1060 non
1036 1023 1152 1061 dubito
1162 1024 1260 1061 valere
1275 1026 1424 1067 statutum
1435 1055 1446 1072 ,
1459 1032 1490 1066 in
1502 1030 1572 1067 solis
1586 1037 1701 1070 coniu-

904 1076 996 1122 gibus
1008 1072 1138 1110 testandi
1150 1072 1328 1112 facultatem
1338 1078 1565 1133 adimat,idc‘1ue
1574 1097 1702 1135 propter

905 1122 1072 1160 blanditias
1085 1151 1096 1170 ,
1105 1124 1336 1174 suggestiones,
1348 1133 1381 1164 &
1392 1128 1603 1171 infestationes
1618 1150 1702 1180 vxo—

903 1188 973 1211 rum
986 1187 1073 1224 ,quae
1087 1187 1162 1211 tunc
1174 1179 1323 1223 temporis
1335 1181 1471 1217 maxime
1482 1185 1600 1231 possent
1612 1190 1702 1224 viros

903 1223 943 1260 ad
953 1223 1126 1261 testandum
1150 1227 1326 1274 perpellere.
1347 1227 1450 1278 Aliud
1470 1233 1608 1273 censeam
1622 1238 1663 1274 de
1677 1242 1698 1260 ’Υ

903 1274 1018 1311 statuto
1028 1276 1173 1323 generali,
1185 1290 1224 1311 ne
1235 1279 1304 1326 quis
1318 1280 1386 1326 post
1396 1280 1506 1319 s‘acram
1517 1289 1700 1324 vnfflonem
1714 1281 1747 1316 2:

901 1324 1039 1363 testetur.
1067 1325 1158 1360 Nihil
1173 1328 1278 1370 enim,
1300 1339 1332 1365 vt
1348 1332 1485 1378 disputaui
1503 1338 1588 1371 latius
1601 1339 1653 1373 tib.
1671 1352 1699 1386 3.

902 1384 967 1419 cap.
984 1386 1012 1411 1.
1040 1375 1330 1423 magishominibus
1342 1379 1473 1417 debetur
1484 1386 1581 1431 quam
1602 1387 1701 1424 libera

902 1424 1033 1459 testandi
1054 1419 1189 1473 potestas
1201 1451 1211 1469 ,
1224 1431 1245 1463 l.
1265 1443 1290 1465 1.
1301 1441 1326 1464 c.
1341 1430 1374 1463 de
1379 1430 1484 1478 sacros.
1505 1436 1597 1483 eccles
1594 1460 1604 1470 .
1618 1438 1700 1474 ade&

900 1473 1031 1519 quidem
1044 1486 1078 1510 vt
1094 1488 1189 1510 nemo
1202 1477 1389 1514 testamento
1409 1478 1463 1516 suo
1479 1479 1586 1521 cauere
1595 1489 1703 1532 poffit,

901 1523 942 1558 de
955 1523 1043 1560 liceat
1052 1523 1106 1559 fibi
1119 1526 1159 1562 ab
1169 1539 1208 1561 eo
1218 1529 1355 1564 recedere
1366 1553 1375 1571 ‚
1387 1533 1408 1568 Ι.
1414 1529 1441 1576 fi
1450 1545 1511 1578 quu
1521 1528 1552 1569 ih
1559 1538 1702 1584 principio

901 1572 1062 1620 testamenti
1069 1574 1105 1622 ff.
1119 1576 1254 1623 delegat.
1274 1591 1301 1625 3.
1330 1580 1469 1618 Rursum
1490 1583 1559 1620 vult
1580 1584 1630 1622 lex
1643 1588 1705 1623 ho-

906 1626 986 1659 mini
997 1624 1071 1660 sanae
1088 1627 1202 1661 mentis
1215 1626 1308 1674 vsque
1316 1628 1354 1664 ad
1366 1629 1541 1678 supremum
1557 1638 1628 1672 vitae
1640 1638 1712 1686 spi-<

901 1675 1000 1710 ritum
1009 1675 1184 1711 testamenti
1198 1676 1368 1713 faetionem
1379 1679 1434 1716 esse
1447 1707 1455 1719 ,
1477 1685 1499 1717 l.
1521 1695 1558 1717 ex
1577 1685 1658 1731 fasso
1671 1690 1703 1722 in
1760 1712 1762 1715 -

900 1723 1095 1770 princip.ffide
1104 1726 1202 1771 vulga.
1219 1730 1257 1765 (7-
1265 1730 1355 1772 pupis.
1363 1728 1473 1776 substit.
1495 1743 1505 1762 ·-
1521 1735 1580 1770 nde
1590 1737 1704 1784 iniqut'i

901 1772 1159 1809 foretanteillud
1173 1785 1297 1824 tempus
1308 1791 1375 1813 eam
1397 1781 1531 1818 adimere
1542 1809 1553 1825 ‚
1576 1797 1629 1820 aut
1651 1799 1704 1835 per

902 1822 1014 1859 sacram
1032 1825 1224 1861 Vnffionem
1238 1825 1409 1871 excludere,
1421 1842 1481 1879 qua
1492 1832 1611 1881 sumpta
1622 1836 1705 1872 mul-

906 1875 930 1908 ti
944 1875 1053 1921 vtique
1065 1872 1263 1912 renalescunt.
1287 1880 1400 1926 Neque
1425 1881 1502 1918 vero
1514 1887 1660 1930 protinus
1670 1901 1706 1923 a·

904 1922 1024 1959 lienatae
1036 1925 1150 1960 mentis
1159 1925 1220 1971 est,
1254 1940 1298 1963 uo
1321 1927 1405 1964 sacro
1419 1931 1505 1969 Oleo
1519 1934 1677 1985 inaugitur
1691 1949 1702 1979 ς

905 1986 1017 2021 neque,
1031 1971 1053 2009 fi
1062 1972 1099 2010 fit
1108 2000 1119 2018 ,
1130 1974 1162 2010 in
1176 1988 1210 2012 ea
1221 1939 1409 2015 alienatione
1422 1982 1601 2030 perseuerat.
1618 1990 1703 2022 Nam

903 2022 978 2071 saepe
991 2025 1034 2071 pij
1049 2029 1080 2060 &
1092 2024 1225 2073 religiosi
1235 2026 1380 2065 homines
1387 2029 1609 2071 sacramentum
1621 2036 1704 2072 istud

906 2087 971 2109 non
995 2075 1029 2109 in
1052 2074 1196 2111 vltimam
1221 2075 1328 2113 horam
1339 2078 1487 2120 differunt
1497 2106 1508 2126 ,
1529 2082 1581 2120 sed
1591 2085 1703 2122 saniori

906 2121 1034 2159 consilio
1046 2148 1057 2167 ‚
1079 2125 1158 2160 dum
1180 2128 1303 2165 ratione
1323 2133 1356 2165 &
1375 2128 1507 2169 sensibus
1517 2136 1705 2183 potiuntur,

906 2173 1086 2222 tempestiue
1110 2172 1167 2211 fibi
1187 2177 1389 2215 administrari
1412 2194 1542 2228 petunt,
1558 2186 1652 2222 etiam
1665 2186 1706 2224 ad

905 2223 1063 2260 sanitatem
1077 2227 1236 2274 corporis,
1257 2230 1341 2264 iuxta
1360 2233 1455 2268 Iacob.
1477 2231 1596 2280 apostol.
1611 2249 1701 2272 recu-

906 2274 1069 2322 perandam
1083 2290 1092 2310 :
1108 2281 1139 2311 &
1152 2289 1190 2312 ex
1202 2276 1292 2313 altera
1301 2281 1427 2328 parte2in
1440 2284 1606 2331 repentinis
1616 2299 1705 2322 mor-

909 2324 957 2360 bis
968 2322 1118 2373 plerisque
1132 2339 1197 2362 non
1212 2327 1254 2364 est
1269 2328 1388 2365 occasio
1400 2330 1438 2366 ad
1452 2332 1636 2377 testandum,
1647 2337 1704 2385 qui

909 2385 1014 2411 tamen
1025 2376 1093 2422 post
1102 2389 1272 2414 extremam
1287 2381 1469 2417 vnffionem
1478 2381 1646 2434 susceptam
1657 2400 1705 2423 re-

910 2427 965 2462 ἂο
975 2424 1060 2462 sensu
1073 2425 1188 2463 deinde
1200 2427 1379 2467 testamenta
1389 2431 1576 2472 conficiunt.

1718 863 1745 887 Io

1163 2535 1195 2586 c
1223 2537 1255 2570 A
1274 2538 1310 2570 Ρ.
1384 2539 1473 2574 vn:

932 2612 945 2628 G

914 2632 1139 2685 Coniunx
1168 2636 1315 2706 legare
1352 2640 1605 2706 prohibitus
1646 2663 1705 2694 an

988 2703 1113 2769 poffit
1128 2723 1297 2766 cauere,
1310 2724 1366 2754 ne
1381 2707 1567 2760 haeredcs
1583 2712 1706 2762 bona

991 2771 1082 2821 fine
1094 2772 1306 2824 consensu
1333 2780 1534 2846 coniugis
1561 2778 1704 2850 super-

989 2840 1099 2891 stitis
1112 2841 1322 2892 alienent.
1606 2884 1610 2888 -

1115 2971 1493 3013 SVMMARIA.

918 3076 942 3100 r.
965 3063 1088 3100 Maritus
1096 3065 1252 3110 prohibitus
1263 3069 1359 3115 legare
1369 3095 1380 3112 ‚
1396 3083 1494 3109 cauere
1511 3074 1599 3122 potest
1607 3079 1709 3119 neba-

1008 3114 1153 3160 redesfine
1166 3114 1294 3164 consensu
1308 3131 1402 3157 vxoru
1417 3122 1489 3159 bona
1497 3127 1632 3166 alienent.

919 3200 1002 3281 H
1017 3201 1048 3232 V
1063 3212 1073 3235 ι
1089 3212 1109 3235 ν
1121 3211 1135 3234 ς
1155 3199 1385 3248 quaestiunmlae
1407 3204 1595 3248 decisionem
1607 3210 1714 3251 Alex:

1011 3247 1114 3284 andro
1127 3260 1282 3296 accepmm
1305 3247 1441 3291 ferimus.
1461 3260 1520 3298 Ait
1533 3263 1616 3299 enim
1631 3265 1709 3312 cons.

921 3313 974 3349 57.
989 3299 1135 3345 1³70sper
1147 3297 1324 3346 testamento.
1333 3313 1442 3340 numer.
1458 3311 1547 3355 3.lib.
1571 3326 1603 3350 2.
1624 3312 1715 3360 quod

1222 3351 1253 3385 Ε
1263 3362 1280 3384 <-“
1293 3364 1310 3386 0
1569 3364 1713 3411 quamuis
